2934 4822
381 389 411 435 s.
438 389 581 435 anronn
604 389 768 436 nuceum
794 393 810 429 a
832 387 1080 444 neurenrrnsn
1195 367 1259 433 223

198 551 237 596 ac
270 528 372 596 etiam
405 528 629 620 intelligendo
663 528 713 596 sic
740 527 852 595 dulcia
881 526 996 617 sicque
1030 526 1190 594 melliflua
1218 525 1260 594 de

198 636 336 727 gaudiis
355 635 521 726 paradisi,
539 660 614 726 quae
629 635 801 703 nitebatur
814 634 857 701 ad
878 633 1043 724 liquidum
1063 633 1259 724 explanare,

198 742 240 810 ab
268 767 326 810 ore
354 742 412 810 illo
432 742 583 810 veridico
613 752 646 809 et
664 745 746 810 Deo
767 743 881 832 pleno,
907 765 982 808 eum
1008 751 1104 808 tanto
1129 741 1262 808 fervore

198 850 354 940 spiritus,
388 849 568 917 efficaciter
595 873 767 927 emanare,
801 848 843 915 ad
874 847 1083 938 paenitentiae
1113 847 1263 916 lamenta

107 1034 111 1044 .
198 979 265 1023 non
299 956 421 1024 luisset
449 956 585 1048 penitus
628 954 832 1033 emollitum;
865 955 1017 1046 insuper,
1047 955 1096 1022 ita
1121 954 1261 1022 insolita

198 1063 369 1131 cernendo
398 1063 548 1154 quotidie
578 1062 741 1130 miracula
769 1062 855 1140 sieri,
881 1062 1052 1153 dirigente
1080 1061 1194 1152 ipsum
1227 1061 1261 1128 in

195 1169 357 1237 omnibus
393 1169 507 1259 gratia
539 1173 621 1237 lesu
656 1166 800 1247 Christi,
837 1191 904 1234 non
935 1166 1058 1235 luisset
1088 1166 1130 1234 ad
1161 1190 1260 1233 omne

199 1277 324 1344 bonum
351 1275 584 1366 peragendum
617 1297 718 1365 quam
752 1273 907 1341 celeriter
940 1273 1175 1341 immutatum?
1206 1276 1258 1342 19.

196 1386 251 1450 ‘De
271 1382 394 1473 quibus
415 1381 602 1460 miraculis,
624 1392 724 1471 prout
748 1379 1023 1471 compendiosius
1050 1380 1157 1472 potui,
1180 1380 1260 1448 duxi

200 1489 295 1557 haec⁰
316 1489 458 1557 inferius
479 1488 687 1556 annotanda.

600 1821 799 1881 mirabilia
815 1816 836 1880 ¹.

248 2100 277 2163 1.
297 2099 384 2162 Dum
399 2095 454 2163 vir
471 2087 532 2162 Dei
548 2096 653 2162 semel
672 2095 707 2162 in
722 2099 874 2163 Romana
890 2095 983 2161 curia
999 2095 1116 2163 esset⁶
1136 2095 1265 2164 consti-

201 2212 296 2269 tutus
317 2202 602 2292 proquibusdam
630 2201 791 2292 negotiis,
816 2201 961 2291 contigit
983 2201 1264 2271 innumerabilem

201 2309 360 2399 populum
383 2308 597 2376 diversarum
616 2307 824 2400 linguarum,
846 2307 1023 2398 utriusque
1043 2333 1159 2396 sexus,
1185 2309 1264 2376 illuc

201 2415 407 2482 eonlluxisse
420 2414 463 2481 ad
479 2414 755 2505 consequendum
770 2415 1004 2506 indulgentias
1016 2415 1105 2484 circa
1116 2415 1260 2482 Pascha.

201 2525 233 2588 2.
252 2524 444 2612 Quumque,
471 2521 512 2589 de
528 2521 688 2589 mandato
708 2523 830 2588 summi
854 2523 1038 2612 pontificis,
1070 2521 1262 2612 peregrinis

202 2629 395 2718 hujusmodi
416 2627 613 2696 solemniter
632 2629 866 2718 praedicasset,
882 2652 958 2697 eece
978 2629 1092 2720 gratia
1114 2627 1264 2718 Spiritus

202 2735 324 2812 sancti,
347 2735 630 2825 quemadmodum
655 2747 793 2803 sanctos
818 2736 993 2826 apostolos
1018 2736 1052 2803 in
1067 2735 1121 2802 die
1142 2738 1264 2803 Pente-

200 2853 327 2920 costeS,
350 2842 399 2909 sic
423 2842 627 2922 mirificavit,
652 2841 701 2909 sic
721 2843 877 2933 replevit,
900 2843 1016 2933 sieque
1043 2842 1176 2911 dotavit
1199 2842 1265 2910 lin·

201 2973 304 3040 guam
325 2949 434 3039 ipsius
461 2950 550 3039 quod
575 2949 810 3040 unusquisque
830 2959 986 3040 patenter
1008 2949 1151 3030 audivit,
1174 2950 1264 3018 clare

200 3055 367 3123 intellexit
399 3055 551 3146 linguam
586 3055 620 3121 in
649 3079 714 3145 qua
747 3067 848 3123 natus
877 3057 988 3124 luerat
1016 3067 1050 3124 et
1085 3056 1262 3137 educatus,

201 3163 288 3229 sieut
311 3162 406 3229 multi
426 3185 542 3229 eorum
562 3161 777 3251 postmodum
797 3162 1081 3232 certitudinaliter
1104 3187 1264 3231 asserue·
1308 3225 1311 3233 .

202 3274 316 3336 runt‘·’.

228 3504 250 3535 a.
264 3491 335 3535 Teate
347 3493 396 3535 liic.
407 3514 433 3525 -
444 3493 465 3535 b.
480 3492 552 3535 iisset
565 3504 660 3547 munquc
673 3493 730 3535 duas
742 3503 804 3536 noire
818 3492 862 3536 ils.

201 3604 413 3619 —

233 3682 255 3728 1.
280 3678 334 3728 Ces
361 3679 511 3738 mirabilia,
534 3680 600 3728 -i
626 3678 787 3742 l'exception
808 3679 842 3729 de
864 3679 890 3728 la
915 3681 1043 3742 guarison
1066 3679 1099 3729 de
1121 3679 1263 3739 Paduana,

201 3759 328 3820 (mit-17
344 3760 472 3822 alapres)
489 3760 591 3808 relatae
606 3758 675 3808 dans
687 3759 712 3808 le
724 3759 824 3809 recueil
841 3760 875 3809 de
889 3760 1016 3810 miracles
1029 3759 1072 3823 (V.
1086 3774 1183 3824 supra:
1198 3761 1263 3825 Leg.

198 3839 300 3902 prima,
325 3843 362 3890 ui.
386 3850 422 3886 rr·
445 3840 534 3898 :ta-¹10),
552 3865 582 3875 -
605 3853 638 3887 ne
661 3840 779 3899 ligurent
805 3854 855 3903 pas
880 3840 949 3889 dans
976 3839 1001 3889 la
1024 3840 1141 3904 legenda
1162 3841 1263 3906 prima.

200 3920 294 3976 Aussi,
310 3918 380 3966 dans
396 3923 473 3968 noire
493 3919 552 3971 ils..
568 3932 674 3968 arrrune
694 3920 773 3969 lettre
788 3920 822 3969 de
841 3922 934 3969 reurci
954 3933 987 3969 ue
1002 3919 1042 3968 les
1060 3920 1185 3983 precede.

232 4002 254 4045 ⁸2.
273 3999 324 4047 Les
343 3998 485 4049 additions
504 4000 518 4047 a
537 3999 561 4047 la
583 3999 698 4063 legende
722 4000 813 4063 primu
830 3999 865 4048 du
881 4000 931 4048 iis.
948 3999 982 4049 de
1001 4000 1123 4049 Lucerna
1144 4001 1266 4051 donneni

201 4081 242 4126 cet
259 4078 373 4141 episode
389 4080 432 4138 (Υ,
447 4092 549 4142 supra:
567 4078 698 4128 Addition
714 4079 749 4137 11,
768 4088 806 4127 n··
819 4084 848 4128 23
861 4084 887 4129 et
903 4081 951 4142 ii).
967 4080 1005 4129 La
1021 4081 1156 4144 premiere
1171 4082 1264 4131 moitie

201 4158 234 4206 de
252 4159 309 4207 leur
326 4160 390 4207 iecit
408 4172 437 4207 se
453 4158 591 4220 distingue
607 4159 640 4207 de
659 4158 729 4209 celui
746 4160 881 4210 oldessus
904 4174 954 4223 par
966 4161 1100 4224 quelques
1114 4162 1263 4220 variantes,

201 4239 401 4300 insignillautes
417 4243 502 4303 quant
518 4253 552 4288 au
568 4252 641 4289 sens.
659 4239 696 4289 Le
711 4239 793 4290 tiber
804 4240 999 4290 miraculorum
1013 4240 1051 4304 (η’
1064 4241 1112 4305 t)a
1127 4241 1262 4307 quelques
