2934 4822
436 369 465 413 s.
493 367 637 412 anronn
661 367 823 414 Lucanos
848 368 967 427 rurus,
994 349 1035 415 31
1220 349 1264 417 87

197 516 349 596 tempore
382 530 601 597 permanens,
635 505 856 573 vehementer
889 505 1063 596 sudasset,
1096 533 1117 575 a
1149 517 1265 576 custo-

198 613 299 680 dibus
319 637 407 680 arcae
427 613 527 680 matri
543 613 737 694 restitutus,
755 613 868 681 versis
887 614 930 681 ad
946 609 1072 682 terram
1092 614 1220 705 plantis
1233 630 1262 697 α,

199 721 335 788 domum
355 719 469 788 rediit.

139 871 148 890 .
241 830 295 894 22.
319 826 458 894 ΡιιοΙΙιιὁ
487 827 656 916 quaedam,
688 827 822 894 nomine
848 828 981 919 Agnes,
1009 827 1112 896 trium
1131 829 1264 896 lerme⁶

198 934 392 1001 annorum‘l
425 934 537 1024 spatio
567 933 695 1001 totius⁶
729 934 883 1024 corporis
915 935 1048 1003 viribus
1082 935 1260 1023 destituta,

198 1040 415 1131 aegritudine,
451 1064 552 1131 quam
586 1041 824 1130 anatropams
837 1052 974 1124 vocant,
1013 1042 1194 1111 laborabat
1224 1043 1261 1110 in

198 1157 331 1217 tantum
347 1158 384 1215 ut
403 1147 503 1239 quasi
531 1147 662 1239 lignum
689 1147 822 1215 aridum
846 1148 1027 1239 langueret
1047 1148 1259 1218 desiccatat'.

199 1258 253 1323 23.
285 1256 396 1341 Quam
424 1254 490 1321 cito
516 1254 605 1320 enim
633 1253 745 1321 cibum
774 1265 937 1335 sumeret,
959 1255 1049 1322 illico
1069 1256 1209 1323 crudum
1229 1267 1263 1325 et

197 1361 334 1451 penitus
363 1360 573 1451 indigestum
588 1384 648 1450 per
659 1360 725 1428 osl
740 1360 927 1450 rejiciebat.
947 1364 985 1428 ln
1001 1372 1133 1430 tantum
1149 1373 1262 1430 autem

194 1468 265 1557 jam
285 1467 425 1534 morbus
440 1466 670 1558 praevaluerat
683 1468 692 1511 ‘'
711 1478 760 1546 ut,
777 1491 847 1557 prae
862 1468 1015 1536 siccitate
1029 1468 1143 1550 nimia,
1161 1469 1262 1537 inter·

197 1574 292 1641 cluso
312 1584 464 1664 gutture,
480 1573 539 1639 vix
555 1573 699 1641 salivam
712 1574 766 1641 vel
784 1574 883 1641 molle
903 1574 1078 1665 quidpiam
1093 1575 1262 1660 deglutire

197 1690 328 1771 posset.
351 1682 403 1747 24.
423 1679 478 1746 nd
497 1703 599 1770 quam
618 1704 722 1771 quum
741 1680 919 1748 venissent
943 1680 1076 1762 medici,
1097 1691 1136 1749 ut
1155 1681 1264 1750 conti-

198 1811 301 1855 nuum
316 1786 480 1853 vomitum
501 1786 586 1854 artis
606 1786 770 1854 beneficio
791 1788 1015 1877 reprimerent
1034 1799 1068 1856 et
1087 1787 1262 1856 humorem

198 1893 388 1961 naturalem
416 1892 693 1974 restaurarentt',
728 1893 812 1960 nihil
845 1894 999 1962 valentes
1020 1917 1060 1961 ac
1086 1893 1127 1961 de
1153 1895 1263 1963 salute

198 2001 272 2091 ejus
305 1999 530 2089 desperantes
565 1999 769 2068 recedebant
781 2001 806 2067 l.
834 2004 888 2069 25.
920 2004 1031 2068 Duota
1058 2000 1176 2091 igitur,
1208 2001 1262 2068 die

198 2106 345 2198 quadam
360 2109 381 2187 ί,
400 2117 433 2173 et
453 2130 556 2196 super
572 2130 687 2174 arcam
701 2106 793 2175 beati
814 2107 953 2174 Antonii
973 2107 1008 2173 in
1024 2107 1178 2177 oratione
1197 2109 1262 2175 eol·

197 2215 351 2292 locatam,
374 2213 520 2280 maximo
540 2213 656 2280 dolore
678 2237 756 2280 mox
775 2237 836 2303 per
857 2224 966 2281 totum
987 2238 1111 2305 corpus
1132 2238 1263 2305 angus-

198 2321 296 2401 tiata,
318 2320 420 2387 morti
435 2320 708 2411 appropinquare
719 2334 734 2364 '²
751 2321 828 2389 visa
843 2331 908 2389 est.
926 2325 980 2390 26.
999 2321 1191 2389 Recedente
1207 2346 1263 2389 au·

197 2439 265 2497 tem
284 2428 458 2518 paululum
489 2427 604 2494 dolore
625 2427 682 2517 qui
703 2451 777 2495 eam
799 2428 986 2508 invaserat,
1009 2439 1164 2509 matrem,
1187 2453 1262 2519 quae

198 2558 302 2625 prope
333 2534 443 2602 locum
467 2532 599 2620 aderat,
617 2557 758 2612 vocans,
775 2558 897 2624 panem
912 2535 1085 2625 integrum
1107 2559 1144 2603 se
1160 2558 1264 2626 posse

198 2640 367 2731 deglutire
382 2639 516 2708 dicabat
531 2665 539 2722 ;
557 2651 802 2731 assumptaque
823 2641 961 2709 tandem
976 2641 1057 2722 filia,
1079 2651 1188 2709 mater
1203 2643 1265 2710 do-

198 2771 289 2815 mum
303 2747 405 2815 rediit
420 2757 464 2824 et,
482 2756 614 2830 retento
631 2748 747 2814 statim
764 2747 851 2830 cibo,
873 2772 997 2839 corpus
1019 2748 1151 2816 aridum
1166 2763 1180 2792 ⁰
1202 2749 1264 2816 hu·
1342 2794 1347 2802 ,

198 2878 326 2921 morem
346 2854 529 2945 pristinum
546 2855 771 2944 recuperavit.
983 2858 989 2868 '

243 2965 297 3030 27.
309 2964 346 3028 ln
359 2961 524 3028 civitatel'
535 2961 769 3043 Venetiarum‚
780 2962 900 3029 mulier
908 2963 1076 3053 quaedam,
1086 2964 1265 3032 Caesariat

200 3069 346 3148 nomine,
368 3092 505 3135 manum
524 3067 655 3136 habens
669 3079 879 3136 contractam
895 3083 920 3148 s,
937 3070 1057 3160 pedem
1071 3069 1262 3147 sinistrum,

199 3175 332 3242 duobus
348 3175 447 3241 annis
462 3185 495 3242 et
506 3199 545 3241 eo
561 3175 720 3265 amplius,
734 3185 859 3243 tortum
874 3189 885 3218 ³
905 3200 945 3243 ex
960 3187 1161 3244 transverso
1177 3176 1266 3244 lere·

199 3281 270 3349 bat.
293 3285 347 3349 28.
370 3283 468 3369 Qum,
493 3306 596 3371 quum
623 3293 774 3372 tempore
795 3283 919 3350 messis
948 3283 983 3349 in
1005 3283 1266 3373 episcopatum²

200 3388 438 3456 Paduanorum
462 3388 628 3470 venisset,
646 3399 683 3456 ut
708 3389 822 3480 spicas
838 3413 913 3480 quae
927 3390 1125 3458 metentium
1144 3414 1266 3458 manus

225 3661 247 3692 a.
264 3648 317 3691 Ale.
334 3648 374 3691 ‘28ss
390 3647 507 3703 planctis.
521 3671 546 3680 -
564 3649 584 3691 b.
601 3647 657 3692 Luc.
673 3649 776 3692 lterum.
791 3649 886 3693 Puella.
901 3672 928 3681 -
943 3661 964 3695 e.
982 3649 1037 3693 Luc.
1054 3650 1114 3705 [ere.
1125 3672 1150 3682 -
1165 3651 1189 3695 d.
1202 3650 1269 3695 Paris

197 3721 278 3775 ferme
295 3731 420 3762 annorum
439 3720 525 3762 trtrnn.
543 3743 569 3752 -
591 3732 611 3763 a.
633 3719 690 3763 Luc.
704 3721 770 3764 totis.
784 3743 809 3752 -
824 3721 841 3776 s.
858 3721 895 3764 Du
910 3733 963 3775 grec
978 3733 1120 3784 ανατροπη.
1131 3721 1268 3765 Purisana-

199 3791 316 3846 tropiam.
329 3791 388 3833 Ano.
403 3791 554 3845 atrophiam.
568 3814 593 3823 -
605 3804 628 3845 9.
642 3791 708 3834 Puris
722 3792 848 3835 desiccata
864 3792 1000 3847 tunpueret.
1016 3815 1042 3824 -
1057 3793 1082 3835 tr.
1096 3792 1163 3836 Puris
1178 3805 1225 3848 per
1238 3805 1267 3837 os

198 3863 308 3905 crudum
319 3865 342 3904 et
355 3862 515 3917 trrdipcstum.
530 3885 556 3894 -
571 3862 586 3906 i.
600 3863 652 3906 Alc.
663 3864 703 3907 286
714 3862 918 3918 permitteret-
929 3863 949 3917 J'.
966 3862 1032 3906 Puris
1042 3876 1086 3906 om.
1098 3867 1121 3907 et
1136 3865 1269 3908 lnunorem

198 3933 342 3977 naturalem
361 3936 540 3977 restaurarent.
551 3957 577 3965 -
591 3934 613 3976 tr.
629 3933 662 3977 Le
679 3943 738 3977 teme
748 3934 865 3977 d'Ancone
882 3935 916 3977 n'a
931 3935 980 3977 rien
994 3936 1033 3990 qui
1051 3936 1201 3990 corresponde
1217 3936 1229 3979 ιί
1244 3948 1269 3979 ee

199 4016 294 4059 passage
302 4016 341 4046 sur
349 4004 469 4047 l'insucets
478 4005 518 4047 des
528 4003 651 4048 medecina
661 4029 687 4036 —
698 4005 712 4048 t.
724 4004 791 4048 Paris
803 4007 913 4059 quadum
925 4005 974 4048 dic.
985 4029 1011 4037 —
1022 4018 1055 4049 m.
1068 4005 1134 4049 Parta
1146 4007 1269 4051 collocata

200 4077 225 4118 in
236 4075 357 4118 oratioue.
371 4098 396 4107 -
412 4088 435 4119 n.
451 4074 507 4119 Luc.
518 4077 698 4130 propinquare.
707 4100 733 4108 -
743 4089 765 4119 o.
781 4076 838 4120 Luc.
850 4089 894 4120 om.
905 4089 997 4131 corpus
1009 4078 1118 4120 aridum.
1129 4100 1155 4109 -
1168 4091 1193 4133 p.
1210 4076 1267 4121 Luc·

203 4146 320 4201 Stpnum.
331 4147 360 4190 lu
372 4146 481 4189 ciritala.
491 4169 516 4178 —
528 4158 551 4200 q.
567 4147 633 4190 Puris
644 4148 758 4191 Cesarea.
769 4170 795 4180 -
806 4160 825 4191 r.
838 4148 904 4191 Paris
917 4149 966 4192 add.
981 4151 1012 4191 et.
1025 4172 1051 4181 -
1068 4161 1089 4193 a.
1102 4148 1169 4192 Paris
1179 4152 1267 4193 totum.

202 4239 228 4249 -
246 4221 262 4260 t.
274 4217 326 4262 Alc.
343 4218 383 4262 286
397 4218 552 4274 episcopatu.
