2934 4822
428 373 457 419 s.
485 372 629 419 nurouu
654 369 815 418 Laesum
840 372 960 432 aaran,
987 346 1029 417 22
1218 346 1261 417 65

241 517 273 581 5.
296 517 448 602 Vespere
460 521 572 579 autern
589 511 737 591 sabbati,
754 511 910 578 minister
921 509 1142 601 provincialis
1158 509 1263 577 adve-

195 620 257 698 nit,
280 619 323 687 ad
344 621 441 709 cujus
463 618 607 686 reditum
635 629 706 686 teta
735 618 857 686 civitas
881 641 1051 707 suspensa
1075 616 1258 707 pendebat.

195 729 228 794 6.
255 727 366 813 Quem
386 750 489 815 quum
508 725 679 793 vidissent
702 725 796 793 aives
816 725 873 817 qui
890 727 1003 815 Caput
1025 724 1262 814 Pontisjinha-

195 832 318 914 bitunt,
352 844 539 901 convocato
562 832 717 912 concilio,
745 856 824 899 mox
847 855 971 922 corpus
998 831 1090 899 beati
1122 831 1263 898 Antonii

195 939 366 1007 instanter
398 940 561 1030 petebant
593 949 734 1029 atquess,
769 939 805 1005 in
843 963 955 1006 causae
987 962 1058 1006 suae
1097 939 1260 1019 savorem,

197 1047 349 1114 rationes
380 1046 569 1137 exquisitas
599 1046 823 1137 allegabantl
844 1057 889 1125 et,
915 1057 975 1114 ut⁶
995 1047 1120 1114 tratres
1149 1045 1263 1113 timeri

197 1153 368 1233 cederent,
387 1152 578 1221 rationibus
594 1153 694 1219 suis‘l
720 1153 831 1221 minus
852 1152 1036 1221 addebant.
1054 1156 1086 1221 7.
1110 1153 1164 1219 Ad
1182 1153 1264 1220 ulti-

197 1284 288 1327 mum
313 1260 457 1351 denique
477 1260 754 1340 instrumentum,
778 1261 813 1326 in
838 1285 904 1350 quo
925 1259 1262 1350 compromissionem

198 1391 295 1434 suam
311 1367 542 1457 digesserant,
560 1367 603 1434 ad
617 1367 764 1434 medium
779 1366 963 1446 deducunt,
980 1366 1093 1456 palam
1104 1365 1262 1433 omnibus

197 1474 440 1542 denuntiantes
474 1474 588 1565 quod‘
618 1497 678 1542 nec
704 1475 805 1554 serre,
840 1498 900 1541 nee
932 1473 1071 1566 gladiis,
1107 1472 1168 1540 sed
1202 1496 1264 1540 uec

198 1581 311 1661 morti,
329 1606 390 1672 pro
411 1605 524 1650 causae
545 1605 615 1648 suae
636 1572 845 1662 defensione,
868 1581 1039 1660 cederent,
1064 1603 1126 1647 uec
1141 1579 1264 1647 ullate-

198 1713 275 1775 nus,
309 1689 381 1756 vita
413 1689 547 1768 comite,
579 1688 803 1756 aeondictos
830 1688 1014 1756 resilirent.
1045 1690 1077 1756 8.
1105 1685 1159 1753 Ad
1188 1710 1264 1776 quae

198 1795 356 1863 minister
366 1795 545 1886 respoudit
556 1817 563 1865 :
576 1798 625 1862 De
632 1796 709 1884 jure
725 1794 871 1886 quidem,
888 1795 979 1886 quod
992 1794 1234 1861 concionantes
1247 1806 1265 1851 ὁ*

198 1901 379 1969 ostendere
417 1902 576 1983 nitimini,
609 1902 692 1969 nihil
730 1912 845 1991 petere
882 1902 1041 1992 potestis,
1073 1900 1262 1982 carissimi3

199 2007 271 2090 sed,
285 2008 315 2076 si
330 2008 372 2076 de
387 2008 622 2077 misericordia
639 2032 751 2076 sermo
767 2008 899 2089 fierent,
915 2008 956 2075 de
970 2009 1112 2076 fratrum
1129 2019 1265 2075 nostro-

199 2139 272 2182 rum
307 2116 462 2203 oonsilio,
500 2116 805 2207 prosequeremuri
837 2139 939 2206 opere
973 2115 1062 2206 quod
1098 2114 1264 2183 Dominus

198 2222 383 2312 inspiraret
398 2222 422 2290 l.
443 2226 475 2291 9.
500 2227 757 2302 Verumtamen,
779 2246 840 2313 pro
860 2223 948 2290 bono
968 2222 1063 2313 pacis
1089 2246 1129 2289 ae
1150 2244 1263 2288 neme

198 2329 298 2396 vobis
313 2329 348 2397 iu
364 2329 441 2397 dolo
460 2330 637 2397 locutuml
658 2330 782 2397 luissel
803 2354 898 2421 aegra
926 2328 1121 2420 suspicione
1143 2329 1264 2396 timea-

200 2437 258 2517 tis,
285 2437 433 2504 concede
466 2447 517 2516 ut,
540 2437 762 2528 quoadusque
793 2461 896 2528 super
927 2437 980 2504 his
1008 2459 1083 2526 quae
1111 2435 1262 2526 petistis,

199 2567 275 2610 cum
294 2543 458 2612 fratribus
478 2543 596 2612 habita
615 2543 871 2626 deliberatione,
894 2542 1179 2634 disposuerimus,
1196 2542 1264 2632 ipsi

225 2777 248 2810 a.
262 2765 318 2810 lue.
329 2767 363 2810 ad
378 2767 454 2821 quod.
464 2789 490 2799 —
500 2766 522 2811 b.
537 2767 590 2812 Alc.
605 2766 645 2813 iae
662 2766 778 2822 ailepant.
790 2791 818 2801 -
834 2779 855 2811 c.
869 2766 928 2812 Luc.
944 2767 982 2810 ad.
998 2765 1056 2822 ipsi.
1069 2789 1096 2799 -
1106 2765 1130 2810 d.
1145 2765 1203 2809 Luc.
1216 2778 1261 2810 em.

198 2837 261 2882 suis.
272 2836 339 2882 Paris
349 2839 403 2883 auia
414 2839 597 2884 (6111661666.-
607 2851 627 2882 e.
638 2839 690 2883 Alc.
701 2840 742 2884 186
752 2851 822 2894 quoa.
834 2839 892 2883 Luc.
904 2839 971 2893 quia.
980 2839 1032 2893 -1,
1041 2838 1093 2882 Α16,
1103 2838 1144 2882 28ss
1154 2837 1264 2882 condito.

197 2931 225 2942 -
234 2920 258 2964 9.
268 2908 327 2954 Luc.
338 2909 400 2964 quid
415 2909 625 2955 conditionantcr.
639 2910 707 2953 Paris
716 2910 904 2955 ratiocinantes.
917 2933 943 2943 -
958 2911 982 2954 h.
994 2908 1156 2963 116161161-
1168 2908 1183 2952 i.
1199 2909 1265 2953 Paris

197 2981 397 3037 prosequamini.
408 3003 436 3016 -
449 2981 471 3036 j.
484 2981 551 3025 Paris
563 2982 706 3037 inspirabit.
720 3005 746 3015 -
761 2982 785 3026 h.
798 2981 865 3026 Parin
881 2982 992 3026 locutum
1007 2980 1033 3024 in
1046 2980 1112 3025 dote.
1124 3003 1151 3014 -
1169 2980 1186 3026 1.
1198 2979 1266 3023 Paris

198 3065 243 3096 om.
254 3052 343 3108 [61666.

200 3259 372 3322 Atlemague,
389 3273 423 3309 en
438 3262 510 3310 cette
530 3261 616 3311 meme
637 3263 724 3311 66666
744 3264 802 3310 1131
823 3262 859 3311 ou
878 3264 974 3311 eureut
987 3262 1050 3323 1166,
1062 3262 1079 3311 a
1092 3275 1194 3327 propos
1214 3261 1264 3312 des

200 3339 338 3404 obsequen
353 3340 387 3391 (16
400 3342 473 3391 saint
488 3343 616 3402 Autotne,
632 3342 672 3391 les
687 3341 815 3406 episodes
826 3356 879 3406 que
890 3343 977 3392 relate
992 3343 1018 3392 la
1030 3343 1146 3407 legende
1158 3343 1262 3407 prima,

200 3421 287 3469 eavit
302 3419 351 3471 des
365 3421 479 3471 derotes
495 3434 597 3485 ceuper
610 3436 645 3471 au
658 3422 777 3472 cadavre
792 3422 826 3471 (16
842 3423 930 3472 sainte
943 3422 1086 3473 Elisabeth
1097 3422 1131 3473 de
1143 3423 1264 3485 Hougrie

202 3500 241 3549 les
256 3501 366 3550 oretttes
382 3502 409 3550 et
425 3503 511 3551 meme
527 3501 552 3550 16
560 3501 627 3551 bont
639 3502 688 3550 des
706 3503 788 3552 seius.
804 3501 896 3564 (liber
911 3503 944 3551 de
956 3502 1039 3553 dictis
1050 3506 1169 3566 quatuor
1181 3503 1266 3552 uncii-

201 3581 306 3639 tnrum;
325 3580 465 3642 Mencken,
481 3584 498 3630 t.
516 3582 551 3642 Il,
567 3596 593 3646 p.
610 3584 690 3645 2032).
705 3583 771 3631 Plus
787 3582 847 3631 tard
864 3583 904 3632 tes
921 3596 989 3645 gens
1005 3582 1038 3632 de
1053 3582 1174 3632 l’ereuse
1189 3582 1264 3632 eule-

200 3664 297 3710 verout
321 3661 338 3710 a
362 3661 466 3722 Bastia,
491 3662 592 3723 village
616 3662 774 3726 dependant
797 3662 930 3723 (11166166,
954 3663 979 3712 16
1001 3676 1083 3727 corps
1105 3662 1139 3712 (16
1154 3663 1265 3712 Courad

200 3739 329 3801 d'Ottida,
361 3742 408 3805 qut
431 3756 446 3804 y
469 3742 685 3805 accomplissait,
716 3742 861 3804 disait-on,
891 3743 1035 3807 beaucoup
1062 3743 1096 3792 de
1125 3742 1264 3806 prodigas.

200 3820 319 3879 (Bnuru.
337 3834 371 3870 uu
387 3821 465 3880 Pisa,
479 3823 629 3886 tlenserm,
641 3828 680 3873 60,
693 3821 719 3872 1).
732 3823 816 3872 ,111166
830 3823 910 3887 1510).
922 3824 944 3873 ll
960 3837 993 3873 ne
1009 3823 1067 3873 taut
1082 3837 1133 3888 pas
1148 3821 1265 3883 eubtter,

200 3899 236 3949 du
255 3904 336 3962 reste,
361 3902 440 3965 qu’eu
462 3903 599 3952 certatues
623 3903 836 3962 circonstauces,
854 3904 870 3953 a
889 3904 916 3952 ta
937 3904 1066 3954 devotion
1088 3903 1194 3953 exaltee
1217 3903 1266 3953 des

201 3994 306 4031 messes
321 3995 351 4031 se
366 3981 494 4032 (66161661
516 3983 592 4032 aussi
607 3983 656 4033 des
670 3984 761 4033 mettis
783 3983 910 4033 d'tuteret
931 3984 1052 4048 quelque
1067 3997 1120 4047 peu
1136 3983 1265 4033 sordide:

201 4060 228 4110 la
248 4064 380 4124 presence
400 4061 434 4111 (16
450 4062 570 4126 reliques
595 4063 731 4113 iameuses
756 4062 826 4112 daus
842 4077 894 4112 une
914 4064 967 4113 cite
982 4064 1120 4123 devenait,
1143 4078 1177 4112 en
1190 4064 1265 4124 61161,

201 4153 271 4204 pour
293 4141 411 4201 celte-ei,
433 4155 496 4191 vers
521 4142 641 4206 laquelle
666 4142 806 4192 atituntent
831 4143 871 4192 les
894 4143 991 4204 toules,
1017 4157 1050 4193 eu
1074 4145 1160 4194 meme
1177 4146 1266 4208 temps

201 4221 300 4285 qu’une
311 4234 408 4271 source
423 4220 457 4272 de
472 4221 671 4284 benedictione,
685 4221 831 4273 l'occasion
846 4222 880 4273 de
896 4224 1004 4274 serieux
1017 4223 1124 4289 prettts.

1213 4339 1226 4384 5
