2934 4822
321 378 386 447 254
460 397 525 443 rus
547 395 704 443 sotacus
729 399 773 443 ur
797 377 995 444 u'ursrornr
1019 396 1246 444 ‚utromm

322 550 375 601 peu
388 540 471 602 apres
486 540 555 589 tm.
571 550 606 587 ne
623 542 677 587 met
696 540 818 588 Antoine
829 537 865 588 de
880 537 993 588 Padoue
1006 551 1041 587 en
1056 539 1139 588 scene
1150 538 1214 602 qu‘a
1230 550 1342 602 amoos
1357 537 1397 588 du

320 618 447 682 ebapttre
457 618 570 681 general
584 617 620 668 de
632 621 702 668 1234).

366 841 500 908 Primus
519 852 633 908 autem
648 840 807 908 minister
820 840 1015 932 generalis¹
1036 852 1115 932 post
1129 841 1269 908 beatum
1285 844 1397 909 Pran-

318 947 446 1013 ciseum
472 947 535 1014 luit
554 947 660 1014 lrater
681 947 812 1017 Helias.
833 947 891 1038 qui
911 947 1020 1015 luerat
1039 946 1188 1038 scriptor
1207 948 1392 1015 Bononiae.

319 1054 384 1121 Cui
417 1054 585 1121 suecessit
614 1054 722 1120 frater
747 1053 922 1122 Jobauues
955 1055 1086 1121 Parens
1117 1052 1160 1121 de
1199 1054 1391 1131 Florentia,

319 1161 476 1229 minister
504 1160 692 1250 llispaniae,
719 1161 773 1227 rir
797 1161 936 1251 sapiens
961 1171 994 1228 et
1015 1160 1200 1251 religiosus
1212 1171 1246 1228 et
1262 1161 1393 1228 summi

320 1267 459 1357 rigoris.
493 1270 571 1353 Quo
604 1291 666 1357 per
696 1267 850 1334 fautores
886 1266 1006 1334 lratris
1046 1267 1153 1335 Helia>
1189 1267 1391 1353 absolutoff,

319 1374 441 1441 iterum
463 1375 573 1441 lar-tus
592 1386 647 1441 est
671 1374 846 1465 generalis
864 1374 972 1441 lrater
993 1375 1122 1442 Helias.

366 1483 404 1548 ln
436 1481 586 1571 capitulo
618 1481 787 1571 siquidem
820 1482 854 1548 in
887 1505 955 1572 quo
992 1482 1082 1549 laeta
1115 1492 1169 1548 est
1200 1480 1390 1549 translatio

319 1588 430 1655 sancti
460 1587 668 1660 francisci&
694 1588 876 1656 voluerunt
912 1589 980 1679 ipsi
1007 1612 1095 1679 quos
1124 1587 1169 1655 ad
1196 1588 1390 1678 capitulum

318 1707 537 1762 rancesserat
556 1694 674 1761 venire
694 1694 799 1762 trater
825 1695 953 1781 Helias,
976 1718 1054 1762 nam
1075 1718 1195 1762 omnes
1212 1696 1388 1763 concessit

318 1802 397 1869 illuc
425 1801 542 1868 venire
567 1802 624 1892 qui
646 1801 787 1886 vellent,
814 1814 932 1869 contra
957 1803 1134 1869 ministros
1155 1801 1391 1892 provinciales

317 1908 429 1998 ipsum
449 1908 572 1975 secisse
591 1908 798 1999 generalem.
819 1907 917 1977 [nde
939 1919 971 1975 et
986 1920 1162 2000 arreptum
1181 1908 1304 1976 arella
1323 1933 1391 1976 sua

317 2025 540 2105 portaverunt
566 2037 642 2081 eum
663 2015 822 2082 manibus
842 2014 885 2082 ad
904 2016 1031 2082 ostium
1050 2014 1190 2106 capituli
1211 2025 1258 2091 et.
1276 2015 1391 2083 lraeto

316 2121 420 2207 ostio,
440 2121 619 2189 voluerunt
642 2144 718 2189 eum
742 2122 909 2189 collocare
940 2122 974 2189 in
997 2122 1072 2189 loeo
1102 2121 1251 2189 ministri
1278 2144 1392 2207 gene-

317 2228 412 2295 ralis.
441 2226 542 2315 Quod
565 2227 689 2295 ridens
714 2229 900 2318 generalis,
926 2229 1032 2296 trater
1058 2228 1246 2303 Johauues.
1267 2251 1390 2297 eoram

317 2347 389 2402 toto
408 2335 557 2426 capitulo
583 2359 621 2402 se
647 2333 790 2402 nudavit
810 2346 857 2413 et,
885 2336 934 2403 sic
961 2336 1097 2403 demum
1127 2334 1272 2409 confusi,
1304 2348 1390 2426 post

317 2443 497 2509 maximam
517 2441 759 2519 turbationem,
780 2453 1017 2510 cessaverunt.
1041 2446 1128 2510 Nam
1143 2465 1205 2510 nee
1224 2454 1389 2510 sanctum

317 2549 503 2616 Antonium
537 2547 656 2615 audire
692 2549 885 2635 voluerunt,
916 2574 976 2617 nee
1007 2551 1152 2640 aliquem
1186 2548 1389 2617 ministrum

316 2654 572 2744 provincialem.

361 2760 517 2830 Credidit
546 2772 660 2827 autem
686 2762 832 2852 populus
861 2761 950 2852 quod
977 2773 1070 2829 esset
1098 2761 1271 2829 discordia
1304 2764 1390 2853 quia

316 2892 439 2958 corpus
474 2868 583 2936 sancti
615 2868 801 2946 Francisci,
832 2869 933 2936 tertia
962 2868 1016 2935 die
1042 2880 1225 2959 antequam
1255 2870 1391 2938 lratres

316 2975 572 3059 ‹zorrvenissent,
604 2974 809 3042 translatum
840 2986 925 3042 erat.
961 2975 1120 3065 Quinque
1147 2997 1228 3041 vero
1254 2975 1392 3043 milites

316 3082 450 3166 novitii,
480 3081 537 3172 qni
567 3080 728 3148 sederunt
757 3082 791 3148 in
819 3082 967 3172 capitulo
994 3092 1027 3148 et
1060 3082 1173 3148 omnia
1204 3080 1389 3169 viderunt,

317 3192 437 3256 llentes
458 3189 616 3255 dixerunt.
640 3188 730 3278 quod
752 3188 796 3255 ad
816 3213 978 3279 magnum
998 3189 1123 3255 bonum
1148 3188 1281 3255 ordinis
1303 3214 1390 3280 pro-

315 3296 447 3362 veniret
468 3296 524 3362 illa
544 3295 707 3381 turbatio,
722 3295 800 3385 quia
816 3295 899 3362 ordo
919 3296 1046 3362 nullum
1066 3306 1183 3386 posset
1203 3294 1389 3364 inordina·

317 3414 386 3469 tum
409 3415 535 3469 ttinere.
558 3404 603 3468 Et
623 3402 671 3469 sic
700 3402 835 3480 accidit,
862 3402 951 3493 quod
976 3426 1094 3468 omnes
1115 3402 1163 3468 illi
1183 3402 1389 3471 turbatores

315 3509 358 3575 nd
379 3509 549 3598 agendam
568 3509 802 3598 peonitentiam
824 3532 884 3598 per
898 3508 1055 3575 diversas
1071 3508 1264 3598 provincias
1282 3509 1388 3578 missi

317 3626 407 3682 siiut.
429 3619 547 3681 linter
567 3640 647 3681 voro
663 3615 792 3691 llolias,
814 3614 988 3682 divertens
1008 3614 1051 3681 ad
1072 3615 1241 3705 quoddam
1256 3617 1387 3683 eremi·

317 3724 451 3808 lorium,
470 3722 625 3811 perinisit
646 3722 710 3789 sibi
727 3745 879 3788 erescere
895 3745 1023 3788 comam
1045 3733 1077 3788 ot
1092 3722 1235 3788 barbam
1250 3732 1298 3796 et,
1320 3747 1390 3813 per

342 3972 360 4014 1,
385 3970 547 4021 (sust-nnuma
567 3972 578 4013 n
601 3982 743 4027 promanant
767 3974 849 4026 parler,
872 3972 982 4015 vir-arins
1008 3971 1132 4026 qrrwralis
1150 3972 1256 4026 Jusqu'au
1279 3972 1391 4027 etrapitre

315 4046 327 4084 d
338 4045 419 4085 itssin·
439 4045 466 4084 dr
488 4045 545 4088 12:⁷1,

342 4120 360 4157 3.
377 4114 410 4157 len
433 4114 482 4157 tare
501 4128 528 4154 nn
550 4115 607 4161 ljjttt.
625 4116 738 4159 Surrrtto
755 4116 813 4165 «latr,
829 4115 917 4157 roirE.
933 4115 1029 4159 Lnurr.
1043 4116 1118 4159 liure
1139 4115 1192 4158 Etr·
1211 4114 1241 4156 de
1261 4114 1385 4171 Conone,

316 4199 336 4239 qr,
350 4190 383 4229 ‘15¹3‘

340 4262 360 4299 :t
375 4255 412 4300 En
428 4256 486 4300 1230.
