2934 4822
478 396 646 443 anurrrou
672 397 717 442 nu
743 397 801 443 us,
824 397 867 443 on
888 396 988 443 ranis
1205 378 1266 445 145

200 535 286 603 ritur
308 535 476 604 fabricata
496 546 530 604 et
551 535 628 603 ideo
650 536 685 603 iu
704 536 923 604 veneratione
943 535 1090 603 maxima
1110 535 1267 604 habenda

200 652 266 721 est,
287 654 358 710 tam
384 642 518 710 ratione
544 643 655 734 ipsius
683 643 775 711 sacri
801 642 966 733 corporiS,
988 643 1077 733 quod
1102 642 1265 731 eontinet,

199 772 301 838 quam
335 750 467 817 ratione
496 749 616 817 horum
653 760 801 840 quatuor
838 760 1036 818 sanctorum
1068 749 1265 836 illustrium,

199 879 342 945 quorum
368 857 458 923 laeta
477 855 653 947 hueusque
674 867 878 947 permanent
902 856 1046 948 egregia
1071 867 1106 924 et
1129 856 1264 926 devota.

245 967 277 1030 5.
300 964 480 1053 Quumque
496 963 538 1030 ad
560 987 683 1030 novam
702 962 794 1031 illam
814 963 999 1031 solemnem
1021 962 1210 1043 basilicam,
1231 964 1267 1031 in

200 1070 332 1136 octavis
367 1069 641 1137 Resurrectionis
673 1070 864 1149 dominicae,
899 1070 986 1160 ejus,
1021 1074 1093 1138 Deo
1126 1070 1265 1162 dignas,

200 1177 426 1243 transferrent
447 1174 609 1266 reliquias
636 1200 711 1243 eum
735 1177 892 1244 maximis
922 1177 1210 1264 solemnitatibus,
1230 1177 1266 1245 in

201 1282 315 1351 sonitu
341 1306 563 1375 organorum,
598 1283 633 1350 in
661 1284 823 1375 clangore
861 1285 1034 1370 tubarum,
1072 1284 1108 1351 in
1140 1284 1266 1352 tinnitu

200 1389 432 1482 cymbalorum
452 1413 492 1457 ae
511 1389 688 1457 dulcisona
712 1390 942 1459 modulatione
966 1391 1124 1458 suavium
1143 1391 1266 1459 earmi-

200 1521 294 1583 num‚
315 1519 392 1564 eeee
407 1496 548 1564 inventa
568 1506 621 1563 est
644 1496 762 1587 lingua
782 1497 892 1587 ipsius
914 1498 999 1565 adeo
1018 1521 1150 1577 reeens,
1171 1497 1266 1566 rubi-

200 1603 310 1670 cunda
321 1613 355 1671 et
373 1602 528 1693 pulchra,
546 1627 621 1693 quae
636 1626 697 1693 per
708 1603 852 1696 triginta
868 1587 955 1672 duos
966 1628 1074 1671 annos
1085 1605 1266 1695 jacuerat‘¹

201 1710 264 1779 sub
284 1721 388 1797 terra,
410 1710 509 1800 quasi
525 1710 644 1779 eadem
664 1710 748 1778 hora
772 1722 870 1801 pater
889 1710 1131 1779 sanctissimus
1146 1711 1267 1780 deces-

200 1817 317 1886 sisset.
339 1820 370 1884 6.
403 1819 513 1904 Quam
542 1817 735 1907 siquidemt
761 1818 969 1886 venerabilis
988 1818 1056 1904 vir,
1082 1818 1267 1887 dominus⁶

201 1928 456 2010 Bonaventura‚
473 1947 581 1991 sacrae
596 1923 778 2015 theologiae
793 1925 912 1992 doetor
927 1924 1127 2015 seraphicus
1138 1925 1168 2006 d,
1185 1936 1266 1992 tune

200 2031 372 2121 generalis
388 2031 581 2111 minister⁶‚
603 2040 723 2121 postea
744 2031 929 2099 cardinalis
953 2033 1135 2123 episeopus
1158 2031 1266 2100 Alba·

200 2138 357 2224 nensiss‚
378 2137 435 2228 qui
456 2136 556 2228 hujus
580 2138 818 2205 translationis
839 2139 976 2228 gaudiis
1001 2148 1263 2229 praesenserat,

199 2244 233 2311 in
262 2245 420 2312 manibus
446 2255 644 2313 reverenter
677 2244 862 2335 accipiens,
887 2245 1055 2336 irrigatus
1082 2244 1264 2312 admodum

199 2352 365 2442 profluvio
389 2351 619 2437 lacrimarum,
650 2352 747 2418 affari
775 2376 850 2419 eam
869 2352 999 2442 eoepite
1030 2351 1265 2442 hujuscemodi

199 2458 433 2526 devotissimis
447 2458 576 2538 verbis,
599 2482 712 2526 coram
732 2458 916 2527 omnibus'*
935 2458 1019 2527 inibi
1039 2459 1261 2526 constitutis:

198 2565 418 2655 toringus
445 2564 732 2656 benedictaque}
757 2590 892 2657 semper
917 2565 1123 2634 benedixisti
1147 2564 1264 2633 Domi·

197 2696 276 2739 num
287 2673 309 2751 l,
344 2696 383 2738 ae
415 2672 517 2739 etiam
548 2672 634 2739 alios
665 2683 703 2740 tu
741 2672 961 2741 benediceret'
1007 2671 1131 2758 iecisti,
1171 2695 1261 2740 nune

198 2779 376 2846 manifeste
391 2789 534 2869 apparet
550 2779 667 2869 quanti
688 2779 878 2847 exstitistil
893 2778 1004 2847 meriti
1019 2778 1110 2870 apud
1131 2782 1259 2848 Deum!

196 2887 229 2954 8.
256 2888 301 2953 Et
320 2885 468 2975 infigens
493 2886 522 2952 ei
545 2887 662 2953 oseula
694 2885 806 2953 dulcia
826 2896 859 2954 et
888 2885 1024 2967 devota,
1052 2886 1160 2976 jussit
1188 2909 1263 2954 eam

198 3016 365 3071 seorsum,
392 3002 494 3082 prout
513 2992 655 3082 dignum
680 3002 714 3060 et
737 2992 921 3083 expediens
941 2995 1046 3074 evall,
1079 2992 1263 3062 honorilice

197 3099 387 3167 collocari¹.

224 3318 247 3348 a.
264 3305 307 3349 lis.
320 3307 347 3347 ile
360 3305 473 3352 Inreerne.
486 3306 531 3361 qui.
545 3318 572 3348 ou
586 3307 614 3349 l'u
627 3319 663 3352 vu.
677 3319 725 3348 aee
738 3319 834 3361 passage
847 3305 925 3349 rulutii
939 3319 967 3350 uu
985 3306 1076 3350 miraele
1095 3307 1123 3350 ile
1136 3307 1158 3350 la
1170 3306 1263 3361 langue,

194 3375 283 3429 jacuit.
297 3400 323 3408 -
336 3378 357 3421 b.
370 3376 427 3420 Luc.
439 3376 560 3432 profecto.
573 3400 599 3409 -
611 3389 632 3420 c.
645 3376 701 3420 lieo.
713 3376 801 3432 frater.
812 3401 838 3410 -
852 3377 876 3420 d.
890 3376 946 3420 Luc.
958 3378 1118 3433 maqriilicua.
1129 3399 1155 3410 -
1169 3389 1190 3422 e.
1204 3377 1261 3422 Luc.

198 3446 315 3490 nituister
330 3448 435 3491 eatinis.
453 3471 479 3479 -
496 3449 513 3502 f.
529 3448 600 3491 Turio
618 3449 646 3490 «tu
669 3448 713 3492 its.
732 3449 759 3489 ite
783 3448 848 3492 Puris
867 3448 1020 3493 Albinenais.
1033 3471 1059 3481 -
1075 3461 1098 3504 9.
1112 3448 1170 3493 Luc.
1183 3449 1263 3504 affare

198 3516 299 3572 tricepit.
311 3540 337 3549 -
349 3519 372 3561 ii.
386 3517 442 3562 inre,
454 3519 579 3573 pituitam.
588 3541 614 3551 -
627 3519 642 3561 i.
659 3518 716 3562 Lne.
732 3519 869 3563 iteratarum
880 3519 1037 3565 benedisisti.
1049 3542 1075 3553 -
1089 3520 1109 3574 j.
1120 3519 1177 3564 Luc.
1189 3520 1264 3564 ben&

197 3588 280 3632 eiicere
290 3593 324 3633 tu.
335 3612 361 3621 —-
377 3590 398 3632 tr.
413 3589 469 3633 lare.
481 3590 589 3634 exsistis.
599 3614 625 3623 -
637 3591 651 3633 i.
666 3590 722 3634 Luc.
732 3594 807 3646 prout
820 3594 873 3635 erat
885 3591 1027 3646 expediens.

196 3696 408 3707 ———.

229 3762 251 3808 t.
268 3761 310 3809 On
324 3774 340 3808 a
354 3760 508 3824 tongtomps
521 3761 641 3810 attribue
657 3762 731 3810 aussi
751 3761 768 3810 a
785 3762 859 3811 saint
877 3762 1070 3812 ltonaventuro
1083 3762 1110 3812 la
1123 3764 1263 3827 composi-

197 3840 253 3889 tion
270 3839 304 3888 ‹in
321 3841 429 3889 tamena
445 3844 545 3904 repens
558 3841 589 3889 Si
602 3841 701 3904 orituris
713 3841 858 3890 miraculo.
871 3845 894 3891 A
910 3842 1057 3892 l'eneontre
1071 3842 1105 3892 de
1118 3845 1189 3893 cette
1204 3846 1264 3906 pre-

197 3919 297 3968 iendue
308 3920 452 3980 tradition,
466 3921 558 3970 iniisse
572 3935 677 3971 cornuta
691 3923 750 3971 tant
764 3921 894 3981 d'autres,
911 3923 928 3971 il
941 3921 1015 3971 suffit
1030 3921 1064 3972 de
1078 3923 1145 3972 taire
1159 3936 1261 3973 remar-

198 4014 334 4063 querque
350 4000 375 4049 le
394 4004 494 4064 repons
518 4001 549 4052 Si
563 4002 662 4065 quaeris
684 4015 714 4051 se
737 4004 834 4051 trouve
858 4001 919 4061 deiri
942 4016 994 4051 non
1019 4003 1172 4052 seulement
1193 4003 1263 4053 dans

198 4081 293 4130 i'otitce
306 4079 340 4129 de
355 4082 428 4130 saint
441 4082 569 4141 Antoine,
580 4080 614 4131 de
625 4082 716 4131 Jutien
729 4081 763 4131 de
773 4083 862 4145 spira,
873 4095 906 4130 en
919 4095 1006 4144 usage
1021 4081 1091 4132 dans
1103 4083 1202 4133 l'ordre
1213 4082 1263 4133 des

198 4160 225 4209 ia
238 4162 372 4223 preiniero
386 4162 476 4211 moitie
492 4161 528 4210 du
550 4162 626 4211 xiil·
642 4162 734 4221 siecle,
748 4163 817 4211 mais
832 4175 940 4221 encore,
957 4175 1076 4227 presque
1093 4165 1149 4212 moi
1163 4164 1180 4212 a
1196 4166 1262 4225 mot,

198 4240 267 4290 dans
284 4241 310 4290 iu
327 4241 440 4303 legende
455 4240 492 4290 du
507 4243 593 4292 moine
608 4241 700 4291 Julien
719 4241 796 4304 (l'ita
815 4245 925 4292 auctore
941 4254 1078 4304 anonymo
1093 4241 1211 4295 valdee*
1243 4244 1248 4247 ’
