2934 4822
444 373 475 418 e.
501 372 646 418 anronu
671 372 832 419 tuocum
856 372 977 432 parua,
1003 352 1022 418 7
1225 353 1267 419 35

167 509 171 517 ’
203 510 373 591 trabatur,
395 510 567 590 utilitatis,
595 511 730 578 anullo
757 510 991 578 ministrorum
1016 509 1144 600 petitus
1168 519 1266 588 este,

201 616 281 707 quia
296 641 358 684 nec
373 617 533 708 cognitus
547 617 572 684 ⁶.
590 621 622 685 2.
642 618 796 708 Denique
814 627 936 684 vocato
957 617 992 684 in
1011 627 1142 707 partem
1163 616 1268 683 lratre

202 724 382 810 Gratiano,
400 724 457 814 qui
477 733 558 791 tuno
573 724 607 790 in
630 724 854 791 Romaniola⁶
879 723 1105 791 ministerium
1125 723 1269 790 fratrum

200 830 356 920 gerebat,
374 830 566 920 supplicare
583 830 686 920 coepit
697 855 819 898 servus
836 831 897 897 Dei
908 830 1079 897 Antonius
1099 841 1269 920 quatenus

200 946 398 1026 susceptum
419 961 456 1003 sc
484 960 504 1004 a
530 937 688 1004 ministro
713 936 865 1028 generali
890 936 925 1002 in
951 936 1186 1005 Romaniolam
1206 935 1269 1002 du·

200 1043 324 1110 ceret⁶l
343 1053 377 1110 et
402 1043 584 1111 deductum
604 1043 794 1134 disciplinae
819 1043 1009 1133 spiritualis
1035 1041 1236 1110 rudimentis
1253 1055 1266 1084 ⁶

199 1149 399 1218 informaret
411 1151 432 1206 s
435 1203 442 1217 .
473 1154 505 1218 3.
536 1150 636 1218 Nulla
666 1174 809 1240 prorsus
838 1150 928 1217 datae
953 1149 1050 1217 sitia
1065 1149 1267 1217 litteraturae

200 1257 327 1324 mentio
339 1257 367 1337 l,
389 1256 482 1324 nulla
502 1257 756 1325 exercitationis
772 1256 1014 1324 ecclesiasticae
1028 1257 1070 1324 ab
1086 1256 1195 1347 ipsius
1209 1280 1267 1324 ore

200 1364 410 1453 personabat
431 1363 576 1453 jactatio
596 1363 616 1449 ³,
639 1363 699 1430 sed
724 1363 902 1431 scientiam
927 1363 1080 1430 omnemt'
1108 1374 1142 1432 et
1166 1364 1267 1432 intel-

200 1470 324 1539 lectum
338 1470 518 1560 captivans
534 1470 569 1536 in
589 1470 790 1561 obsequium
806 1470 949 1552 Christi,
964 1470 1081 1561 ipsum
1089 1471 1211 1550 solum,
1233 1481 1267 1538 et

200 1576 289 1644 hunc
310 1577 519 1657 crucifixum,
544 1576 644 1656 scire,
669 1576 764 1644 sitire
779 1576 806 1656 l,
830 1577 993 1667 ‘amplecti
1019 1577 1107 1644 velle
1133 1578 1267 1667 procla-

199 1682 325 1752 mabat.

242 1803 275 1867 4.
299 1803 418 1867 Frater
440 1799 542 1891 ergol
571 1800 773 1878 Gratianus
791 1799 912 1867 miram
926 1799 1037 1890 ipsius
1053 1800 1266 1891 amplexatus

198 1905 426 1983 devotionem,
452 1907 518 1974 viri
545 1907 607 1974 Dei
633 1907 724 1974 votis
748 1906 867 1973 annuit
882 1917 916 1974 et
938 1917 1134 1997 susceptum
1154 1930 1230 1974 eum
1240 1918 1266 1949 ²¹¹

198 2013 232 2080 in
254 2014 488 2081 Romaniolam
503 2026 518 2056 '¹
541 2014 681 2080 deduxit
699 2016 720 2081 ¹.
743 2019 775 2083 5.
798 2016 886 2102 Qun,
908 2038 1010 2105 quum
1034 2015 1087 2081 vir
1111 2013 1174 2080 Dei
1195 2016 1266 2080 An·

226 2258 248 2289 a.
266 2246 323 2290 Luc.
336 2258 381 2291 om.
394 2249 439 2290 cat.
451 2268 477 2278 -
490 2247 512 2290 b.
525 2247 577 2290 Alc.
590 2247 629 2291 tto
641 2247 692 2290 add.
705 2249 784 2290 cst·
794 2258 815 2290 c.
827 2245 885 2290 Luc.
896 2253 954 2290 tunc
967 2246 1128 2291 Roriianiolae.
1141 2271 1167 2278 -
1177 2247 1200 2290 cl.
1213 2248 1266 2292 Alc.

198 2319 239 2362 293
253 2317 395 2361 deduceret.
410 2341 436 2348 -
449 2330 469 2361 e.
484 2317 551 2361 Paris
567 2317 720 2362 rudimenta.
733 2341 759 2349 -
772 2318 789 2373 s.
804 2316 838 2361 Le
849 2330 892 2361 ms.
906 2318 961 2363 Pati.
975 2318 1001 2362 il
1013 2320 1129 2373 supprime
1144 2319 1166 2362 la
1185 2319 1267 2374 phrase

197 2389 310 2442 Denique
336 2391 458 2433 corato...
481 2389 635 2433 ruetirnentia
657 2389 806 2443 informaret
818 2400 862 2445 ety
884 2390 1001 2433 substitue
1023 2390 1201 2444 l'imerpolatiou
1222 2402 1266 2446 que

198 2460 272 2502 voici:
285 2461 370 2503 Tantoe
386 2465 439 2504 erat
450 2460 571 2514 puritatis
584 2456 658 2516 pater
669 2464 773 2505 sanctus
785 2465 808 2504 ct
821 2461 1084 2517 taritaaimpticitatis,
1094 2464 1178 2518 utpote
1187 2473 1266 2505 nocua

199 2532 224 2574 in
239 2532 337 2582 ordine,
353 2531 411 2585 qriia
433 2543 511 2586 neque
525 2532 672 2576 ministrum
685 2532 805 2586 aliquem,
825 2544 870 2575 nec
889 2533 1026 2576 ministerii
1039 2536 1081 2576 aut
1094 2533 1206 2577 miciodia
1220 2544 1266 2576 seu

197 2602 332 2657 nuardiani
341 2603 454 2657 officium
464 2603 546 2647 adbuc
554 2604 726 2657 copnoaccbat.
738 2603 809 2647 Unde
819 2615 899 2657 neque
911 2603 1017 2657 fratrem
1026 2604 1176 2647 Gratianum
1191 2615 1265 2648 voca-

197 2673 241 2724 vit,
259 2684 305 2716 nec
323 2674 463 2727 rapacitati
480 2685 507 2716 ae
523 2674 678 2729 atiaeipcrct;
690 2673 743 2726 sed,
756 2677 806 2718 tota
821 2675 862 2717 die
876 2675 984 2718 orationi
1003 2686 1105 2727 vacaria,
1124 2675 1181 2718 aliis
1196 2686 1266 2718 rece-

197 2743 323 2795 dentibus,
333 2744 378 2788 iste
386 2744 523 2800 siniptcxet
531 2744 630 2799 innotus
638 2745 756 2789 omnibus
764 2746 916 2793 remanebat,
923 2745 1083 2790 committens
1092 2750 1142 2789 tam
1153 2747 1266 2800 seipsum

197 2826 274 2870 quam
283 2826 477 2870 prensantium
488 2826 594 2865 morum,
603 2816 768 2872 prouidentiae
777 2816 924 2861 Saloutaria.
932 2817 1021 2861 Frater
1028 2821 1111 2862 autem
1122 2817 1266 2869 Gratianus,

197 2898 277 2940 quum
293 2898 351 2929 cum
368 2887 547 2941 interropasaet
564 2887 586 2929 si
601 2891 664 2930 essct
679 2887 804 2935 sacerdos.
822 2888 877 2931 sinc
890 2887 1024 2932 iicrborum
1045 2888 1266 2943 multiplicatione,

197 2957 285 3001 notens
301 2969 328 3001 sc
343 2959 374 3001 de
389 2957 530 3013 Scriptura
542 2958 649 3002 scientia
667 2958 773 3012 jactare,
789 2960 836 3003 troc
853 2962 951 3002 tuntum
970 2959 1099 3015 respondit
1119 2960 1265 3003 nrtmititer:

199 3028 242 3073 Sic
254 3040 320 3073 sum.
335 3029 388 3083 Quo
402 3029 497 3080 audito,
506 3033 611 3085 propter
622 3031 784 3073 sacerdotum
795 3030 928 3074 instantem
938 3033 997 3074 irinc
1010 3031 1130 3087 temporis
1144 3031 1266 3087 inopiam,

198 3101 282 3143 dictus
301 3101 382 3155 frater
395 3101 562 3145 Gratianuaa
587 3102 667 3156 fratre
684 3101 740 3144 Elia
759 3102 870 3156 pcnerali
884 3101 1002 3145 ministro
1021 3102 1069 3146 sibi
1081 3102 1138 3146 dari
1160 3103 1265 3157 fratrem

198 3172 348 3220 Antonium,
365 3172 501 3227 inatiqante
513 3183 540 3215 ae
555 3174 649 3216 Sancto
667 3173 775 3227 Spiritu,
793 3173 945 3229 supipiiciter
958 3173 1096 3229 postulauit
1110 3178 1133 3217 et
1148 3173 1265 3217 obtinuit.

199 3255 258 3297 -9.
273 3242 341 3287 Paris
353 3255 398 3286 om.
413 3242 469 3286 siti.
492 3266 518 3273 -
539 3244 563 3286 ii.
578 3243 645 3286 Paris
657 3244 751 3287 mentio
769 3244 921 3289 litteraturae.
939 3269 965 3276 -
984 3245 998 3288 i.
1020 3244 1078 3288 Luc.
1094 3244 1227 3298 jactantia.
1239 3267 1267 3278 -

196 3313 217 3367 j.
227 3313 414 3357 Parisomnino.
427 3337 453 3345 -
462 3314 484 3357 ii.
497 3314 564 3357 Puris
574 3315 625 3358 add.
639 3319 670 3360 et.
682 3339 708 3346 -
721 3314 736 3358 i.
750 3317 801 3359 Alc.
813 3316 853 3360 293
868 3316 952 3370 initur.
961 3338 988 3349 -
998 3327 1032 3359 m.
1042 3315 1075 3362 (le
1087 3326 1133 3359 mot
1144 3327 1179 3359 est
1193 3316 1268 3359 douae

200 3397 240 3440 par
254 3397 297 3429 ms.
311 3385 387 3429 Paris.
399 3409 425 3416 -
438 3398 463 3429 n.
473 3385 526 3430 Nat.
542 3386 607 3431 itata
624 3386 824 3441 Romaqinotam,
837 3387 892 3431 Pad.
902 3387 1105 3432 Romandiotam.

232 3574 254 3620 t.
271 3571 309 3621 Le
329 3572 380 3622 itis,
406 3571 474 3622 Pad.
495 3576 533 3633 il,
556 3572 626 3621 dans
649 3586 702 3621 une
725 3573 929 3637 interpolation,
953 3573 1021 3623 dont
1043 3587 1112 3623 nous
1140 3573 1266 3624 donnons

200 3652 335 3702 ci·coutre
349 3652 374 3701 ie
388 3655 470 3712 texte,
487 3666 517 3701 se
533 3657 587 3702 met
600 3654 633 3701 ici
648 3666 681 3701 eu
695 3652 896 3703 contradiction
909 3654 1033 3704 lormelie
1044 3667 1111 3704 avec
1123 3654 1163 3704 ies
1173 3658 1267 3704 autres

201 3731 276 3781 lisa:
294 3733 373 3781 Salui
399 3735 527 3792 Antoine,
553 3747 621 3782 nous
646 3732 725 3791 dit-il,
750 3735 792 3782 u'a
818 3733 969 3784 nuliemeut
988 3734 1123 3784 demande
1145 3737 1160 3783 ii
1185 3735 1268 3784 Fcere

201 3813 315 3862 Gratien
329 3812 362 3863 de
377 3812 523 3877 l'acccptcr
545 3813 614 3862 daus
637 3827 668 3862 sa
691 3815 834 3877 province;
849 3816 915 3863 c'est
935 3815 979 3863 Fr.
1002 3816 1115 3865 Graticn
1131 3816 1187 3879 qui,
1203 3829 1267 3864 sous

200 3893 388 3955 t'inapt'rution
403 3892 435 3941 dc
449 3892 664 3957 t‘Esprtt-Souu,
681 3895 746 3943 s'est
761 3893 873 3943 adressa
887 3909 921 3943 au
937 3894 1124 3944 bieubeureux
1138 3899 1173 3951 et,
1186 3898 1269 3957 iiyaui

200 3974 296 4036 uppris
310 3973 375 4036 qu'il
388 3974 456 4022 etait
470 3977 571 4037 preire,
587 3989 602 4022 a
617 3974 725 4038 supplic
741 3974 799 4023 Eiic
815 3975 848 4024 de
864 3976 888 4024 le
904 3975 940 4023 lui
953 3975 1051 4024 laisser
1062 3988 1210 4024 crrirueucr.
1225 3977 1267 4024 Ou

199 4053 265 4101 s‘est
279 4052 415 4102 demanda
430 4053 454 4102 ie
471 4054 589 4103 mutilet
602 4054 626 4102 ie
643 4053 691 4103 but
704 4053 738 4103 dc
751 4058 822 4104 cette
843 4055 1037 4119 interpolation
1061 4056 1204 4105 manifeste
1219 4068 1225 4102 :
1243 4056 1268 4105 ie

201 4132 232 4181 P.
254 4131 357 4182 lliiaire
379 4131 413 4182 de
436 4133 523 4191 Paris,
538 4133 662 4198 Capuciu
686 4133 849 4195 (Sciat-Aut.
866 4136 899 4184 dc
914 4135 982 4185 Pad.
1003 4135 1267 4199 suteg.1›1·imitiee,

200 4227 227 4278 p.
242 4213 312 4276 XV),
328 4227 345 4262 a
358 4227 406 4263 cru
423 4213 593 4276 ydecouvrir
609 4228 661 4263 une
678 4228 834 4264 ruauoeurrc
853 4214 902 4265 des
925 4215 1121 4276 Coureutuein,
1140 4215 1268 4266 desireux
