2934 4822
479 407 646 453 nnnrrron
673 408 717 454 nu
743 407 990 459 reseremus
1202 388 1264 458 147

201 546 286 614 sime
311 569 415 637 quum
445 550 537 614 Deus
566 547 781 638 omnipotens
809 557 860 616 tot
886 557 920 615 et
945 547 1053 616 tantis
1079 547 1267 617 illustravit

200 677 289 738 eum,
301 665 335 720 et
350 653 449 744 quasi
464 654 615 745 quotidie
630 654 794 741 illustrat,
808 654 982 723 miraculis
998 655 1033 723 in
1049 655 1112 723 hoc
1126 656 1264 736 saecule,

199 784 239 828 ac
258 761 370 851 ipsum
391 761 492 828 etiam
513 761 556 828 ad
580 762 717 852 plenum
736 763 946 830 beatificabit
967 762 1212 853 permagnifice
1232 763 1266 829 in

198 867 325 935 futuro.
344 872 395 936 13.
416 868 515 937 Unde
531 868 651 936 horum
668 870 818 937 omnium
833 894 874 937 ex
889 869 1163 939 consideratione
1183 869 1267 937 mel·

197 972 306 1060 lillun‚
322 985 420 1065 pater
434 975 671 1063 beatissimus,
685 987 850 1067 tanquam
867 977 987 1045 doctor
1005 977 1264 1062 veracissimum

200 1104 261 1149 nec
290 1105 357 1148 non
384 1092 418 1149 et
448 1092 527 1150 ante
559 1086 667 1150 Deum
692 1083 881 1152 advocatus
911 1094 1109 1152 cunctorum
1135 1078 1265 1151 fidelis·

200 1189 308 1256 simus
333 1199 367 1256 et
386 1189 657 1276 ellicacissimnS,
677 1200 715 1256 ut
737 1190 954 1281 apertissime
979 1191 1098 1271 claret,
1120 1189 1163 1258 ab
1187 1190 1265 1257 uni-

198 1296 312 1364 versis
350 1294 483 1365 Christi
520 1296 696 1383 fidelihus,
732 1297 849 1387 procul
886 1298 1007 1384 dubio,
1046 1297 1173 1387 dignus
1210 1307 1265 1365 est

200 1402 343 1471 solemni
376 1403 534 1470 venerari
567 1404 743 1490 honestem,
769 1413 900 1472 summo
933 1404 1049 1473 extolli
1079 1404 1261 1495 praeconia,

199 1511 286 1577 sesto
307 1509 483 1577 sublimari
503 1511 733 1601 p1·aecipuoac
759 1511 794 1578 in
817 1511 980 1579 universo
1004 1511 1129 1578 mundo
1153 1510 1264 1602 ipsius

199 1616 344 1708 gloriam
375 1617 410 1684 in
438 1618 564 1708 populo
598 1617 833 1686 favorabiliter
868 1629 902 1687 et
930 1642 1005 1687 cum
1041 1618 1133 1686 omni
1166 1641 1265 1685 reve-

198 1723 309 1792 rentia
327 1724 521 1814 praedicari.

496 2104 532 2164 2.
560 2103 754 2164 conclusio
782 2104 961 2176 legendae.

245 2397 298 2463 14.
327 2394 485 2462 Gloriare
509 2394 616 2486 igitur
643 2395 713 2484 jum
743 2418 863 2462 secure
888 2393 924 2461 in
949 2392 1108 2479 Domino,
1138 2391 1261 2461 civitas

199 2501 373 2589 Paduana,
396 2502 453 2592 qui
468 2501 531 2569 tibi
545 2501 640 2570 dedit
659 2501 838 2593 egregium
849 2500 994 2591 justitiae
1014 2500 1187 2567 doctorem
1203 2500 1260 2590 qui

198 2609 361 2677 sacriste
388 2608 690 2700 praedicationibus
710 2619 744 2675 et
764 2607 907 2698 eloquiis
934 2607 1083 2675 erudivit
1106 2606 1259 2693 mirilico,

196 2725 405 2806 patratorem
425 2715 664 2783 miraculorum
680 2715 839 2783 eximium
850 2714 907 2805 qui
922 2724 956 2782 te
970 2714 1081 2806 signis
1096 2723 1130 2781 et
1148 2713 1261 2804 prodi·

196 2822 264 2912 giis
284 2822 470 2889 illustravit
489 2821 685 2913 magnifice,
706 2821 908 2888 benevolum
927 2832 1006 2889 ante
1026 2825 1135 2889 Deum
1154 2820 1261 2889 inter·

197 2952 367 2996 cessorem
388 2929 444 3019 qui
463 2928 638 2996 beneficiis
658 2927 854 2998 multifariis
874 2939 908 2996 te
927 2928 1113 2996 cumulavit
1127 2927 1261 2995 honori·

196 3035 269 3102 fiee.
303 3039 355 3104 15.
387 3039 537 3103 Laetetur
557 3045 591 3103 et
614 3059 713 3102 sacra
739 3035 910 3103 Minorum
938 3039 1096 3102 Fratrum
1123 3034 1259 3125 religio,

198 3165 272 3231 qua}
295 3153 366 3209 tam
391 3142 592 3233 praeclarum
621 3142 890 3229 lumen‚,adhuc
920 3152 1039 3211 tenera
1072 3141 1258 3226 exsistens,

197 3248 355 3317 fidelibus
380 3250 521 3340 protulit
549 3249 760 3317 christianis.
785 3254 836 3318 16.
855 3249 936 3337 Qui,
956 3250 1027 3317 vita
1047 3259 1081 3317 et
1104 3248 1260 3317 doctrina

197 3356 232 3422 in
247 3356 373 3423 mundo
392 3356 584 3423 clarescens
600 3365 701 3446 atque
721 3355 1018 3424 innumerabilium
1038 3357 1107 3423 lere
1127 3355 1259 3423 animas

197 3463 240 3530 ad
255 3463 346 3530 viam
367 3464 488 3530 salutis
508 3463 549 3530 de
564 3463 704 3531 saucibus
720 3475 949 3553 peccatorum,
971 3473 1174 3554 cooperante
1193 3461 1261 3530 sihi

198 3571 311 3660 gratia
336 3595 496 3660 superna,
522 3570 725 3660 perducens,
746 3570 844 3660 quasi
871 3570 1079 3661 duplicatam
1103 3570 1139 3637 in
1164 3568 1260 3637 coelis

196 3687 349 3766 reportat
369 3676 557 3744 mercedem
579 3677 774 3766 perenniter
798 3677 986 3767 gloriosus.
1019 3680 1072 3745 17.
1101 3676 1261 3744 Exsultat

199 3783 377 3874 Hispania,
400 3809 474 3874 qum
494 3784 561 3850 alte
581 3794 756 3851 tonantem
772 3790 891 3875 genuit
911 3785 1119 3864 Antonium;
1136 3784 1261 3873 jucun·

196 3890 294 3957 detur
325 3891 435 3974 Italia,
461 3915 536 3980 quau
564 3901 633 3957 tam
661 3890 850 3981 pretiosum
879 3890 1078 3959 thesaurum
1106 3891 1197 3958 intra
1222 3914 1259 3957 se

197 3998 407 4065 reconditum
441 3997 567 4063 habero
600 3997 798 4086 promeruit.
836 4001 889 4066 18.
926 3997 1085 4067 Gaudent
1117 3997 1262 4065 ecclesia

197 4104 312 4171 mundi
329 4105 429 4194 liujus
449 4103 576 4170 militiae
594 4102 808 4190 desemiem,
824 4128 899 4194 quae
918 4105 967 4171 sic
987 4104 1145 4171 idoneum
1160 4104 1262 4195 pugi-

196 4212 262 4278 lem
277 4211 356 4279 fidei
372 4222 498 4279 nostrae
523 4221 765 4302 strenuumque
788 4210 928 4279 militem
944 4211 1045 4302 hujus
1063 4210 1260 4279 christianae
