2934 4822
430 390 459 437 s,
486 388 632 436 anronn
656 387 818 443 ananum
842 389 963 450 nnius,
992 371 1032 437 15
1221 366 1262 437 51

196 539 347 631 prudens
381 538 613 606 Dei⁰servus
647 538 878 606 necessariam
900 538 1024 629 populo
1061 537 1263 629 colligendae

196 646 347 714 messis⁶
368 646 638 736 occupationem,
662 670 771 737 usque
791 646 835 714 ad
851 657 985 736 tempus
1002 645 1075 736 apti
1095 645 1263 712 sermonis

197 754 402 822 cessandum
422 754 488 821 sibi
508 778 527 820 a
547 753 792 844 praedicatione
819 754 993 833 censebat,
1015 752 1263 843 dimissisquc⁶

196 850 412 929 saccularium
437 849 561 947 turbiS,
590 862 664 928 loca
691 860 814 928 secreti
845 860 982 928 conscia
1008 859 1118 950 petiit,
1151 869 1187 927 et
1221 858 1265 926 ad

140 1029 143 1034 .
195 967 306 1034 locum
321 967 379 1057 qui
395 969 547 1058 Campus
568 966 679 1035 sancti
702 967 794 1034 Petri
814 966 939 1034 dicitur
953 968 977 1048 ¹,
999 966 1122 1057 quietae
1144 966 1265 1033 solitu·

196 1073 287 1142 dinis
308 1074 435 1164 gratia,
465 1098 502 1141 se
526 1074 681 1142 contulit.

241 1184 273 1249 3.
296 1182 406 1271 Cujus
435 1180 585 1248 adventu
614 1204 681 1247 non
710 1180 926 1248 mediocriter
953 1179 1176 1259 exhilaratae,
1212 1180 1265 1246 vir

197 1287 335 1378 quidam
363 1287 528 1368 nobilisd,
561 1287 645 1354 Tiso
680 1286 827 1368 nomine,
868 1287 988 1354 sedula
1016 1287 1263 1355 humanitatis‘

197 1394 362 1485 obsequia
376 1395 451 1461 viro
469 1393 531 1462 Dei
546 1394 697 1462 Antonio
712 1394 857 1462 devotus
878 1393 1050 1476 exhibuit3
1073 1394 1129 1485 qui
1154 1404 1186 1460 ot
1199 1392 1264 1461 loci

198 1501 374 1569 fratrum!
407 1502 594 1569 dominium
622 1501 778 1592 possedit
789 1515 820 1589 ῥ’.
848 1505 881 1569 4.
911 1502 1067 1569 Habebat
1090 1501 1264 1592 namquel

197 1609 250 1675 vir
274 1608 408 1676 dietusl
433 1608 545 1676 locum
564 1608 745 1699 quemdam
765 1609 961 1676 nemoribus
977 1608 1158 1688 consitum,
1174 1607 1265 1674 haud

197 1715 349 1805 procula
370 1714 470 1782 domo
491 1715 647 1793 fratrum,
667 1715 726 1782 ubi
751 1715 852 1782 simul
877 1716 967 1783 inter
985 1715 1081 1808 ligna
1100 1714 1265 1781 silvarum

198 1846 266 1888 nux
294 1821 450 1913 quaedam
483 1845 634 1912 procerae
667 1821 906 1913 dispositionis
948 1820 1187 1900 excreverat1‘3
1223 1821 1265 1888 de

196 1930 292 2018 cujus
313 1928 430 2019 stipite
454 1953 514 1996 sex
528 1929 543 1972 ¹²
570 1928 702 2008 calami,
724 1929 760 1995 in
784 1929 890 1996 altum
914 1929 1074 2019 porrecti,
1103 1952 1263 1996 coronam

160 2033 162 2038 ’
196 2036 377 2127 quamdam
392 2059 563 2102 ramorum
576 2035 824 2126 exprimebant.
837 2040 868 2104 5.
883 2036 992 2125 Cujus
1006 2035 1126 2103 miram
1147 2059 1263 2126 quum,

197 2142 250 2209 die
263 2143 411 2234 quadam
433 2142 452 2220 ¹,
467 2143 521 2210 vir
534 2142 597 2210 Dei
610 2141 896 2233 pulchritudinem
911 2142 1160 2232 conspexisset,
1173 2166 1262 2222 mox,

197 2249 347 2317 dictante
364 2249 506 2341 Spiritu,
523 2249 643 2317 cellam
664 2248 761 2316 sibim
776 2273 879 2340 super
894 2273 969 2317 eam
984 2249 1136 2317 decrevit
1149 2249 1222 2315 lieri
1233 2261 1262 2335 ⁷²,

197 2380 236 2423 eo
251 2356 397 2424 maxime
418 2356 509 2447 quod
529 2356 724 2424 solitudinis
739 2356 1056 2447 ⁰opportunitatem
1072 2367 1106 2424 et
1121 2355 1264 2422 amicam

197 2463 474 2553 contemplationi
508 2463 657 2554 quietem
690 2463 785 2530 locus
816 2463 1057 2554 praetenderct.
1097 2466 1130 2532 6.
1164 2462 1264 2548 Quod

197 2594 300 2661 quum
320 2570 411 2638 dicto
432 2571 537 2637 nobili
557 2571 631 2637 viro
646 2595 707 2661 per
727 2571 852 2638 iratres
871 2571 1032 2649 innotuit,
1054 2570 1226 2660 colligatis
1247 2581 1264 2624 Ρ

197 2700 256 2767 per
267 2677 461 2768 quadruma
477 2688 511 2745 et
526 2701 568 2744 ex
577 2688 778 2745 transverso
788 2701 959 2745 ramorum
973 2677 1129 2757 sudibus,
1145 2677 1264 2744 cellam

197 2783 238 2850 de
259 2782 404 2850 storiis*
423 2783 571 2874 propriis
599 2784 757 2851 manibus
784 2784 931 2874 paravit.
963 2784 1106 2851 Duobus
1130 2806 1264 2874 quoque

198 2890 300 2957 sociis
320 2890 430 2980 ipsius
447 2900 628 2958 structuras
643 2903 655 2934 ³
671 2891 860 2958 consimilis
880 2891 984 2958 cellas
999 2891 1091 2971 lecit,
1110 2889 1264 2981 superio-

198 3020 270 3063 rem
285 2997 421 3088 quidem
432 2997 588 3088 ampliori
601 3021 682 3065 cura
693 2997 736 3064 ad
752 3021 838 3089 opus
851 2997 962 3065 sancti
973 3021 1185 3088 praeparans,
1203 3019 1264 3064 cae·

225 3250 247 3281 a.
260 3237 326 3281 Paris
336 3236 446 3282 Domini.
456 3260 482 3271 -
498 3237 520 3282 b.
531 3238 585 3282 Alc.
597 3240 637 3284 aab
653 3248 675 3282 et
685 3239 738 3281 Alc.
750 3239 791 3284 293
802 3251 847 3283 om.
859 3237 1080 3294 coliipendae.12uc.
1093 3239 1125 3282 ad
1140 3238 1261 3293 coiiipeu·

197 3309 258 3351 dam
269 3320 384 3353 messem.
392 3332 419 3341 -
427 3321 448 3352 c.
459 3308 526 3351 Paris
534 3309 650 3353 dimissis
661 3309 746 3364 ipitur.
755 3332 781 3342 -
789 3311 813 3354 d.
824 3310 889 3354 Paris
901 3310 979 3364 Cujus
987 3311 1095 3354 adventu
1106 3309 1260 3354 exhilaratus

198 3382 234 3423 est
248 3392 299 3423 aon
316 3380 479 3425 mediocriter
494 3381 598 3434 quidam
613 3381 704 3424 nobilis
715 3381 762 3425 cir.
773 3404 799 3413 -
814 3394 834 3425 e.
847 3382 900 3425 Alc.
913 3381 953 3426 293
968 3381 1127 3426 humilitatis.
1138 3404 1164 3413 -
1178 3380 1197 3435 s.
1208 3380 1261 3425 Alc.

197 3450 236 3494 293
250 3464 295 3494 om.
311 3451 428 3504 stainam.
444 3473 470 3482 —
485 3462 507 3505 9.
527 3451 594 3494 Paris
614 3451 657 3494 cui
678 3455 701 3495 et
716 3452 764 3495 ioci
785 3451 896 3506 fratrum
919 3451 1063 3496 dominium
1085 3452 1195 3503 suberat,
1219 3450 1264 3504 qui

196 3523 285 3565 sedula
300 3521 467 3567 irumanitatis
482 3521 600 3576 obsequia
615 3522 669 3565 ciro
684 3522 728 3566 Dei
740 3524 851 3567 Antonio
866 3524 970 3567 devotus
986 3522 1106 3567 exhibuit.
1116 3546 1142 3555 -
1157 3524 1181 3565 ir.
1193 3522 1260 3566 Puris

197 3595 289 3636 autern.
301 3615 327 3625 -
341 3593 357 3637 i.
371 3593 438 3636 Paris
447 3593 591 3648 predictus.
602 3621 627 3631 -
638 3593 659 3647 j.
676 3594 729 3637 Alc.
742 3594 782 3638 ‘286
796 3604 818 3638 ct
833 3595 885 3638 Alc.
900 3595 940 3639 293
953 3597 1106 3638 exercuerat.
1124 3616 1149 3628 -
1163 3593 1185 3637 ir.
1203 3593 1257 3637 Pud.

198 3666 255 3707 tres.
277 3685 302 3697 -
316 3664 331 3708 t.
348 3664 404 3708 Luc.
421 3665 539 3718 quodam.
551 3686 578 3698 -
592 3676 626 3707 m.
639 3666 690 3708 Alc.
707 3666 747 3710 ‘286
761 3678 806 3709 om.
816 3666 872 3710 sibi.
882 3687 908 3699 -
922 3679 946 3709 n.
960 3664 1095 3719 an.,1‘a‹t.
1113 3677 1190 3721 super
1206 3676 1262 3707 cuin

197 3735 251 3789 {ieri
268 3735 386 3779 decreuit.
408 3735 474 3779 Paris
493 3734 548 3789 lieri
564 3747 642 3791 super
658 3747 714 3779 eam
730 3737 849 3781 decrevit.
866 3753 891 3762 ·-
907 3749 929 3781 o.
946 3738 999 3781 Alc.
1018 3738 1058 3782 rsa
1071 3737 1262 3780 sollicitudinis.

198 3834 222 3843 -
236 3818 261 3860 p.
278 3807 344 3850 Puris
360 3806 490 3860 coiliqans.
507 3827 532 3839 -
547 3818 571 3862 q.
584 3807 637 3851 Nat.
655 3807 847 3862 labosandum.
864 3829 890 3842 -
905 3822 925 3852 r.
939 3809 992 3853 Alc.
1007 3807 1056 3862 tta,
1072 3809 1124 3852 Alc.
1141 3808 1189 3860 293,
1208 3807 1263 3852 Nat.

197 3877 271 3930 reato,
283 3877 351 3922 Paris
366 3879 397 3922 dc
408 3878 526 3923 cistariis.
538 3894 562 3902 -
578 3889 599 3922 s.
611 3877 669 3922 Luc.
686 3877 864 3924 instructurae.

229 4079 251 4126 1.
271 4077 521 4140 Camposampiero.
542 4104 574 4113 —
587 4076 661 4127 C'est
682 4076 853 4138 aujourd'hui
876 4092 928 4128 unc
941 4091 1096 4137 commune,
1109 4079 1126 4128 a
1138 4078 1267 4127 dix-neus

197 4157 354 4207 kiiomttres
367 4155 401 4206 de
418 4156 539 4220 Padouc,
552 4160 645 4207 etune
661 4158 764 4207 station
781 4156 815 4208 do
829 4159 857 4207 la
871 4158 944 4221 ligne
960 4158 996 4209 du
1010 4159 1118 4209 chemin
1130 4158 1164 4208 de
1180 4158 1220 4208 ier
1230 4157 1264 4208 dc

199 4235 311 4286 Padouc
326 4237 343 4286 a
357 4237 491 4286 Bassano.
