2934 4822
430 340 459 386 s.
487 339 632 385 asronu
656 340 817 387 neesson
841 340 963 399 amns,
997 321 1040 388 26
1220 322 1265 389 73

199 479 335 548 lletibus
373 479 566 548 devotionis
600 479 783 548 miscentes
817 479 948 548 cantica
986 478 1263 548 reaedificantium

199 586 368 678 quondam
381 587 525 654 filiorum
541 587 858 678 transmigrationis
873 587 1035 677 templum
1048 586 1146 667 Deis,
1158 587 1264 656 mixta

194 695 303 784 jubilo
328 693 624 785 repraesentabant
653 693 814 784 suspiria.
847 694 896 761 lbi
923 693 1073 784 lugens⁶
1103 693 1263 762 cantabat

199 801 366 868 canticum
386 811 420 867 et
440 800 561 868 mediis
582 801 719 868 lletibus
746 801 946 891 erumpebat
965 800 999 868 in
1021 801 1178 890 jubilum.
1209 805 1260 869 11.

199 908 267 986 Sic,
289 907 339 974 sie
358 907 516 974 n'imirum
543 907 748 987 ordinatis⁶‚
778 908 860 998 quid
886 907 1023 974 dicam?
1051 906 1263 974 laudantium

198 1014 284 1082 auid
300 1013 451 1081 llentium
467 1013 584 1081 cuneis
595 1026 608 1056 ‘
621 1038 659 1081 ac
673 1013 817 1104 pedibus
829 1013 1048 1084 discalceatis
1063 1013 1261 1081 incedentes

197 1121 278 1188 talis
297 1129 469 1211 tantaeque
485 1120 732 1212 magnitudinis
752 1144 871 1188 cereus
890 1119 1105 1211 praecedebat
1124 1130 1161 1187 ut
1181 1143 1261 1201 non,

198 1228 265 1295 nisi
276 1228 477 1295 detruncata
488 1251 613 1319 magna
629 1228 738 1317 ipsius
749 1227 883 1318 partes,
894 1227 984 1294 intra
994 1237 1121 1294 tectum
1135 1237 1262 1294 sanctae

200 1334 261 1402 Dei
278 1334 456 1425 genitricis
476 1334 629 1401 ecclesian
645 1335 731 1425 erigi
748 1334 889 1402 valeret.

244 1444 296 1509 12.
313 1444 382 1508 Nec
395 1441 504 1508 solum
518 1441 597 1531 ipsi,
613 1440 673 1508 sed
687 1440 788 1508 etiam
801 1441 960 1531 quoslibet
970 1451 1110 1508 turmas
1124 1440 1261 1519 civium,

199 1557 329 1615 statuto
348 1547 403 1614 die
418 1547 639 1626 venientium,
655 1557 761 1615 tantae
771 1547 999 1638 longitudinis
1015 1571 1131 1614 cereos
1147 1558 1263 1637 porta·

198 1653 280 1722 bant
308 1665 345 1721 ut
375 1654 555 1744 pleriquel
584 1677 650 1720 non
678 1654 743 1721 nisi
773 1654 871 1721 fracti
897 1654 1067 1721 ullatenus
1095 1653 1262 1721 introduci

197 1771 351 1851 possent.
377 1764 429 1829 13.
456 1761 687 1828 Portabantur
706 1771 819 1828 autem
835 1760 868 1827 in
889 1760 1039 1828 humeris
1066 1760 1264 1828 hominumi

198 1868 299 1945 cerei,
316 1890 356 1933 ee
376 1867 466 1956 quod
487 1867 530 1934 ad
545 1867 648 1936 unius
664 1867 920 1935 subvectionem
935 1868 993 1934 vix
1009 1867 1179 1934 sexdecim
1195 1868 1262 1935 sul-

198 1974 338 2041 ficerent
353 1974 505 2054 curvati3
526 1975 593 2054 vel,
612 1975 642 2040 si
656 1974 692 2040 in
707 1974 864 2042 curribus
879 1974 1135 2065 deportationes
1151 1997 1262 2041 cereo·

198 2104 272 2148 rum
293 2080 424 2159 tierent,
447 2080 513 2148 duo
539 2081 636 2171 paria
666 2081 779 2161 boum,
797 2081 926 2171 junctis
951 2082 1155 2166 cervicibus,
1177 2081 1263 2149 colla

199 2186 458 2255 submittebant.
490 2190 541 2255 14.
569 2187 679 2256 Erant
698 2211 844 2279 namque
868 2188 955 2255 cerei
975 2211 1125 2278 procerus
1146 2187 1263 2278 dispo·

199 2294 334 2362 sitionis
350 2293 374 2373 5,
398 2318 415 2360 e
435 2294 571 2385 quibus
603 2295 636 2361 in
664 2294 799 2362 modum
829 2295 1025 2362 candelabri
1038 2296 1064 2380 l,
1089 2295 1262 2385 protensis

198 2401 403 2469 altrinsecus
423 2401 585 2480 brachiis,
608 2401 778 2492 sperulee¹
802 2402 901 2468 simul
921 2426 960 2469 ae
987 2402 1068 2487 lilia,
1095 2401 1203 2468 vineee
1223 2426 1262 2470 ac

198 2507 336 2575 diversa
363 2508 484 2574 llorum
511 2511 672 2598 genern‘,
701 2532 804 2575 manu
831 2508 972 2576 artificis
1002 2508 1185 2599 diligenter
1205 2533 1263 2575 ex·

197 2637 330 2703 pressa,
353 2613 584 2703 procedebant
598 2629 633 2682 ’”.
654 2619 706 2683 15.
725 2614 872 2702 Quidam
887 2639 970 2682 vero
984 2629 998 2657 '²
1020 2615 1263 2683 ecclesiastices

199 2731 379 2787 structurae
398 2734 412 2761 ⁰
446 2720 611 2787 fabricam
639 2721 695 2787 vel
728 2731 819 2788 certe
852 2721 1038 2789 terribilem
1072 2734 1263 2790 castrorum

198 2827 303 2894 aciem
330 2827 570 2916 praeierebant.
603 2832 654 2896 16.
682 2827 910 2894 Nihilominus
937 2827 1094 2919 denique,
1117 2839 1151 2895 et
1177 2829 1263 2919 quir

197 2944 267 3000 tam
302 2933 388 3001 miro
417 2957 592 3001 cereorum
625 2935 717 3002 cultu
749 2935 1031 3024 processionem‘l
1056 2947 1264 3003 ornaverant

200 3040 325 3131 singuli
341 3041 376 3107 in
392 3041 561 3121 manibus,
579 3065 723 3108 aceensa
740 3042 907 3132 lampade,
921 3065 1038 3109 cereos
1050 3041 1259 3111 deferebant.

202 3151 253 3216 17.
266 3150 546 3239 Quumqueprze
567 3148 796 3234 multitudine,
808 3149 852 3216 ad
866 3148 986 3216 valvas
1003 3149 1155 3217 eeclesiae
1170 3173 1262 3217 aece-

199 3252 277 3321 dere
298 3255 492 3322 nullateuus
508 3266 662 3344 possent,
678 3280 794 3323 cereos
810 3265 911 3346 atquc
927 3257 1088 3323 candelas
1104 3256 1137 3322 in
1149 3256 1263 3346 platea

198 3384 310 3427 coram
332 3361 447 3428 osiior
466 3362 582 3451 templi
602 3362 732 3452 passim
753 3362 990 3451 projiciebant.

224 3596 246 3628 a.
266 3584 333 3636 Luc,
349 3584 404 3627 Psd.
416 3584 525 3630 Domini.
534 3607 561 3617 -
571 3586 593 3628 b.
605 3585 849 3640 Ate.‘.¹86o1'9ens.-
861 3598 882 3630 c.
899 3585 965 3630 Paris
977 3586 1114 3631 ordinatos.
1130 3609 1156 3619 —
1164 3587 1189 3631 d.
1204 3585 1262 3631 Luc.

197 3666 237 3698 nn.
256 3654 312 3699 Psd.
332 3667 370 3698 nc.
391 3655 459 3700 Puris
475 3660 505 3701 et.
524 3678 550 3688 —
569 3669 589 3700 e.
606 3655 672 3700 Paris
689 3668 790 3700 carneos.
809 3679 836 3689 —
855 3656 873 3710 ι’,
893 3657 944 3700 Alc.
959 3657 999 3702 286
1013 3657 1163 3701 detrimenta
1181 3657 1263 3713 munis

197 3726 278 3780 ipsius
286 3729 367 3782 parte.
380 3726 446 3770 Paris
456 3727 606 3771 ‹reinancara
616 3727 695 3783 ipsius
705 3738 794 3781 »narina
804 3730 884 3782 parte.
893 3750 919 3760 —
929 3741 952 3782 p.
964 3728 1031 3771 Paris
1042 3729 1122 3773 turbs.
1132 3753 1158 3760 -
1168 3730 1192 3772 li.
1205 3729 1262 3773 Luc.

198 3798 247 3852 ipsi
264 3809 408 3852 qnoque·
437 3798 453 3842 i.
472 3799 524 3841 Ale.
544 3799 583 3843 isit
599 3798 723 3842 oninium.
741 3821 767 3831 -
780 3798 801 3853 j.
817 3799 874 3842 Luc.
889 3798 1106 3854 dispositionibus.
1122 3823 1148 3832 -
1165 3800 1187 3843 li.
1204 3801 1262 3843 Luc.

196 3868 355 3913 candelabra.
368 3891 394 3901 -
407 3869 422 3912 l.
436 3869 488 3913 Alc.
501 3870 541 3915 ’286
557 3882 644 3924 prena.
657 3893 683 3901 -
699 3882 731 3913 m.
749 3869 803 3912 Pnd.
816 3871 1010 3925 praetendebant.
1026 3893 1052 3902 -
1065 3883 1089 3913 n.
1105 3870 1173 3915 Paris
1185 3872 1261 3915 enim.

197 3962 223 3972 -
237 3951 259 3982 ο.
270 3940 323 3983 Alc.
335 3940 375 3985 '286
392 3943 501 3984 stature.
519 3963 545 3973 -
558 3953 583 3996 p.
600 3940 657 3984 Luc.
675 3944 697 3983 et
718 3940 787 3994 quiri.
806 3963 832 3973 -
848 3952 871 3995 q.
886 3941 943 3985 Luc.
954 3942 1123 3997 processione.
1135 3965 1161 3974 -
1176 3954 1195 3985 r.
1209 3942 1261 3986 Ate.

198 4011 238 4055 nsit
247 4011 320 4054 ostiu.

231 4192 252 4240 t.
271 4191 387 4258 sperula
401 4204 469 4256 pour
482 4190 628 4257 spitamete.
644 4219 675 4228 -
690 4190 732 4242 Gt.
750 4192 790 4243 ltu
807 4191 915 4255 Canos,
933 4193 1116 4244 Glossarium.
