<?xml version="1.0" encoding="UTF-8"?>
<!DOCTYPE html PUBLIC "-//W3C//DTD XHTML 1.0 Transitional//EN"
    "http://www.w3.org/TR/xhtml1/DTD/xhtml1-transitional.dtd">
<html xmlns="http://www.w3.org/1999/xhtml" xml:lang="en" lang="en">
 <head>
  <title>
</title>
<meta http-equiv="Content-Type" content="text/html;charset=utf-8" />
  <meta name='ocr-system' content='tesseract 3.04.00' />
  <meta name='ocr-capabilities' content='ocr_page ocr_carea ocr_par ocr_line ocrx_word'/>
</head>
<body>
  <div class='ocr_page' id='page_1' title='image "./sanctiantoniide00kervgoog_0230.png"; bbox 0 0 2934 4822; ppageno 0'>
   <div class='ocr_carea' id='block_1_1' title="bbox 523 951 919 1029">
    <p class='ocr_par' dir='ltr' id='par_1_1' title="bbox 523 951 919 1029">
     <span class='ocr_line' id='line_1_1' title="bbox 523 951 919 1029; baseline -0.003 -2"><span class='ocrx_word' id='word_1_1' title='bbox 523 951 656 1029; x_wconf 71' lang='lat' dir='ltr'><strong>itacios</strong></span> <span class='ocrx_word' id='word_1_2' title='bbox 678 961 919 1027; x_wconf 71' lang='lat' dir='ltr'><strong>«assisinis»</strong></span> 
     </span>
    </p>
   </div>
   <div class='ocr_carea' id='block_1_2' title="bbox 197 1406 1267 2545">
    <p class='ocr_par' dir='ltr' id='par_1_2' title="bbox 197 1406 1267 2545">
     <span class='ocr_line' id='line_1_2' title="bbox 197 1406 1262 1485; baseline 0 -17"><span class='ocrx_word' id='word_1_3' title='bbox 197 1406 266 1485; x_wconf 79' lang='lat' dir='ltr'><strong>[iii</strong></span> <span class='ocrx_word' id='word_1_4' title='bbox 281 1408 303 1468; x_wconf 87' lang='lat' dir='ltr'>b</span> <span class='ocrx_word' id='word_1_5' title='bbox 322 1407 348 1484; x_wconf 90' lang='lat' dir='ltr'><strong>i]</strong></span> <span class='ocrx_word' id='word_1_6' title='bbox 371 1413 455 1471; x_wconf 82' lang='lat' dir='ltr'><strong>Ista</strong></span> <span class='ocrx_word' id='word_1_7' title='bbox 469 1424 552 1482; x_wconf 80' lang='lat' dir='ltr'><strong>quae</strong></span> <span class='ocrx_word' id='word_1_8' title='bbox 568 1413 775 1482; x_wconf 79' lang='lat' dir='ltr'><strong>sequantui·</strong></span> <span class='ocrx_word' id='word_1_9' title='bbox 789 1412 969 1469; x_wconf 81' lang='lat' dir='ltr'><strong>extracta</strong></span> <span class='ocrx_word' id='word_1_10' title='bbox 983 1412 1070 1470; x_wconf 87' lang='lat' dir='ltr'><strong>sunt</strong></span> <span class='ocrx_word' id='word_1_11' title='bbox 1085 1409 1123 1469; x_wconf 92' lang='lat' dir='ltr'><strong>in</strong></span> <span class='ocrx_word' id='word_1_12' title='bbox 1137 1409 1262 1468; x_wconf 81' lang='lat' dir='ltr'><strong>uiver-</strong></span> 
     </span>
     <span class='ocr_line' id='line_1_3' title="bbox 237 1508 1263 1581; baseline -0.002 -14"><span class='ocrx_word' id='word_1_13' title='bbox 237 1509 293 1568; x_wconf 87' lang='lat' dir='ltr'><strong>sis</strong></span> <span class='ocrx_word' id='word_1_14' title='bbox 311 1509 407 1568; x_wconf 87' lang='lat' dir='ltr'><strong>locis</strong></span> <span class='ocrx_word' id='word_1_15' title='bbox 428 1522 475 1567; x_wconf 86' lang='lat' dir='ltr'><strong>ex</strong></span> <span class='ocrx_word' id='word_1_16' title='bbox 496 1509 578 1568; x_wconf 81' lang='lat' dir='ltr'><strong>alia</strong></span> <span class='ocrx_word' id='word_1_17' title='bbox 598 1511 762 1579; x_wconf 81' lang='lat' dir='ltr'><strong>quadam</strong></span> <span class='ocrx_word' id='word_1_18' title='bbox 783 1509 945 1581; x_wconf 71' lang='lat' dir='ltr'><strong>legenda</strong></span> <span class='ocrx_word' id='word_1_19' title='bbox 966 1508 1091 1567; x_wconf 85' lang='lat' dir='ltr'><strong>sancti</strong></span> <span class='ocrx_word' id='word_1_20' title='bbox 1112 1508 1263 1567; x_wconf 80' lang='lat' dir='ltr'><strong>Antonii</strong></span> 
     </span>
     <span class='ocr_line' id='line_1_4' title="bbox 238 1597 1264 1679; baseline 0 -15"><span class='ocrx_word' id='word_1_21' title='bbox 238 1608 283 1664; x_wconf 85' lang='lat' dir='ltr'><strong>de</strong></span> <span class='ocrx_word' id='word_1_22' title='bbox 298 1608 444 1679; x_wconf 79' lang='lat' dir='ltr'><strong>Padus,</strong></span> <span class='ocrx_word' id='word_1_23' title='bbox 461 1621 544 1677; x_wconf 83' lang='lat' dir='ltr'><strong>quae</strong></span> <span class='ocrx_word' id='word_1_24' title='bbox 566 1606 719 1677; x_wconf 76' lang='lat' dir='ltr'><strong>incipit:</strong></span> <span class='ocrx_word' id='word_1_25' title='bbox 742 1597 965 1678; x_wconf 72' lang='lat' dir='ltr'><strong>Benignitas</strong></span> <span class='ocrx_word' id='word_1_26' title='bbox 987 1609 1025 1664; x_wconf 83' lang='lat' dir='ltr'><strong>ot</strong></span> <span class='ocrx_word' id='word_1_27' title='bbox 1045 1605 1264 1665; x_wconf 82' lang='lat' dir='ltr'><strong>humanitas</strong></span> 
     </span>
     <span class='ocr_line' id='line_1_5' title="bbox 239 1703 1264 1777; baseline -0.001 -15"><span class='ocrx_word' id='word_1_28' title='bbox 239 1704 454 1763; x_wconf 80' lang='lat' dir='ltr'><strong>salvatoris</strong></span> <span class='ocrx_word' id='word_1_29' title='bbox 479 1705 600 1762; x_wconf 81' lang='lat' dir='ltr'><strong>nostri</strong></span> <span class='ocrx_word' id='word_1_30' title='bbox 627 1703 807 1774; x_wconf 77' lang='lat' dir='ltr'><strong>apparuit</strong></span> <span class='ocrx_word' id='word_1_31' title='bbox 830 1704 868 1762; x_wconf 91' lang='lat' dir='ltr'><strong>in</strong></span> <span class='ocrx_word' id='word_1_32' title='bbox 888 1706 957 1763; x_wconf 88' lang='lat' dir='ltr'><strong>hoc</strong></span> <span class='ocrx_word' id='word_1_33' title='bbox 981 1705 1132 1777; x_wconf 70' lang='lat' dir='ltr'><strong>santulo,</strong></span> <span class='ocrx_word' id='word_1_34' title='bbox 1154 1715 1264 1773; x_wconf 81' lang='lat' dir='ltr'><strong>quum</strong></span> 
     </span>
     <span class='ocr_line' id='line_1_6' title="bbox 238 1801 1267 1876; baseline -0.001 -16"><span class='ocrx_word' id='word_1_35' title='bbox 238 1816 310 1861; x_wconf 90' lang='lat' dir='ltr'><strong>non</strong></span> <span class='ocrx_word' id='word_1_36' title='bbox 325 1804 444 1861; x_wconf 88' lang='lat' dir='ltr'><strong>solum</strong></span> <span class='ocrx_word' id='word_1_37' title='bbox 459 1816 526 1873; x_wconf 79' lang='lat' dir='ltr'><strong>per</strong></span> <span class='ocrx_word' id='word_1_38' title='bbox 547 1816 588 1860; x_wconf 87' lang='lat' dir='ltr'><strong>se</strong></span> <span class='ocrx_word' id='word_1_39' title='bbox 610 1803 744 1875; x_wconf 83' lang='lat' dir='ltr'><strong>ipsum,</strong></span> <span class='ocrx_word' id='word_1_40' title='bbox 759 1805 797 1860; x_wconf 84' lang='lat' dir='ltr'><strong>ot</strong></span> <span class='ocrx_word' id='word_1_41' title='bbox 812 1804 970 1876; x_wconf 80' lang='lat' dir='ltr'><strong>caetera;</strong></span> <span class='ocrx_word' id='word_1_42' title='bbox 993 1816 1076 1872; x_wconf 82' lang='lat' dir='ltr'><strong>quae</strong></span> <span class='ocrx_word' id='word_1_43' title='bbox 1090 1801 1267 1860; x_wconf 82' lang='lat' dir='ltr'><strong>videntur</strong></span> 
     </span>
     <span class='ocr_line' id='line_1_7' title="bbox 240 1899 1267 1971; baseline 0.001 -14"><span class='ocrx_word' id='word_1_44' title='bbox 240 1900 278 1958; x_wconf 93' lang='lat' dir='ltr'><strong>in</strong></span> <span class='ocrx_word' id='word_1_45' title='bbox 307 1900 473 1970; x_wconf 72' lang='lat' dir='ltr'><strong>ejusdcm</strong></span> <span class='ocrx_word' id='word_1_46' title='bbox 503 1900 628 1959; x_wconf 82' lang='lat' dir='ltr'><strong>sancti</strong></span> <span class='ocrx_word' id='word_1_47' title='bbox 658 1901 819 1971; x_wconf 72' lang='lat' dir='ltr'><strong>legenda</strong></span> <span class='ocrx_word' id='word_1_48' title='bbox 849 1900 1087 1970; x_wconf 81' lang='lat' dir='ltr'><strong>antescripta</strong></span> <span class='ocrx_word' id='word_1_49' title='bbox 1118 1899 1267 1969; x_wconf 86' lang='lat' dir='ltr'><strong>penitus</strong></span> 
     </span>
     <span class='ocr_line' id='line_1_8' title="bbox 239 1997 1265 2071; baseline 0 -15"><span class='ocrx_word' id='word_1_50' title='bbox 239 1998 393 2057; x_wconf 82' lang='lat' dir='ltr'><strong>omissa.</strong></span> <span class='ocrx_word' id='word_1_51' title='bbox 422 1998 567 2057; x_wconf 80' lang='lat' dir='ltr'><strong>Idcirco</strong></span> <span class='ocrx_word' id='word_1_52' title='bbox 595 2000 723 2057; x_wconf 83' lang='lat' dir='ltr'><strong>tamen</strong></span> <span class='ocrx_word' id='word_1_53' title='bbox 749 1997 811 2057; x_wconf 84' lang='lat' dir='ltr'><strong>iiic</strong></span> <span class='ocrx_word' id='word_1_54' title='bbox 839 1997 967 2068; x_wconf 81' lang='lat' dir='ltr'><strong>posita</strong></span> <span class='ocrx_word' id='word_1_55' title='bbox 995 2001 1094 2071; x_wconf 86' lang='lat' dir='ltr'><strong>sunt,</strong></span> <span class='ocrx_word' id='word_1_56' title='bbox 1119 2010 1165 2057; x_wconf 81' lang='lat' dir='ltr'><strong>ao</strong></span> <span class='ocrx_word' id='word_1_57' title='bbox 1194 1999 1265 2057; x_wconf 85' lang='lat' dir='ltr'><strong>sub</strong></span> 
     </span>
     <span class='ocr_line' id='line_1_9' title="bbox 239 2096 1267 2169; baseline 0 -16"><span class='ocrx_word' id='word_1_58' title='bbox 239 2096 438 2169; x_wconf 73' lang='lat' dir='ltr'><strong>littorias,</strong></span> <span class='ocrx_word' id='word_1_59' title='bbox 455 2097 497 2168; x_wconf 85' lang='grc' dir='ltr'><strong>Β,</strong></span> <span class='ocrx_word' id='word_1_60' title='bbox 515 2098 552 2169; x_wconf 85' lang='lat' dir='ltr'><strong>c,</strong></span> <span class='ocrx_word' id='word_1_61' title='bbox 569 2098 611 2168; x_wconf 86' lang='lat' dir='ltr'><strong>D,</strong></span> <span class='ocrx_word' id='word_1_62' title='bbox 628 2098 670 2169; x_wconf 78' lang='grc' dir='ltr'><strong>Ε,</strong></span> <span class='ocrx_word' id='word_1_63' title='bbox 687 2098 772 2169; x_wconf 82' lang='lat' dir='ltr'><strong>otc,</strong></span> <span class='ocrx_word' id='word_1_64' title='bbox 788 2096 941 2167; x_wconf 72' lang='lat' dir='ltr'><strong>singula</strong></span> <span class='ocrx_word' id='word_1_65' title='bbox 955 2096 1146 2155; x_wconf 76' lang='lat' dir='ltr'><strong>destinata</strong></span> <span class='ocrx_word' id='word_1_66' title='bbox 1159 2097 1267 2154; x_wconf 82' lang='lat' dir='ltr'><strong>nota·</strong></span> 
     </span>
     <span class='ocr_line' id='line_1_10' title="bbox 239 2194 1267 2267; baseline -0.001 -15"><span class='ocrx_word' id='word_1_67' title='bbox 239 2194 347 2266; x_wconf 80' lang='lat' dir='ltr'><strong>bilia,</strong></span> <span class='ocrx_word' id='word_1_68' title='bbox 379 2196 564 2265; x_wconf 81' lang='lat' dir='ltr'><strong>quatenus</strong></span> <span class='ocrx_word' id='word_1_69' title='bbox 600 2194 722 2264; x_wconf 84' lang='lat' dir='ltr'><strong>ipsam</strong></span> <span class='ocrx_word' id='word_1_70' title='bbox 754 2195 951 2265; x_wconf 73' lang='lat' dir='ltr'><strong>legendam</strong></span> <span class='ocrx_word' id='word_1_71' title='bbox 986 2194 1166 2267; x_wconf 80' lang='lat' dir='ltr'><strong>lecturus,</strong></span> <span class='ocrx_word' id='word_1_72' title='bbox 1200 2205 1267 2252; x_wconf 87' lang='lat' dir='ltr'><strong>seu</strong></span> 
     </span>
     <span class='ocr_line' id='line_1_11' title="bbox 239 2291 1266 2365; baseline -0.001 -15"><span class='ocrx_word' id='word_1_73' title='bbox 239 2293 372 2361; x_wconf 87' lang='lat' dir='ltr'><strong>populo</strong></span> <span class='ocrx_word' id='word_1_74' title='bbox 401 2292 691 2365; x_wconf 72' lang='lat' dir='ltr'><strong>praedicaturus,</strong></span> <span class='ocrx_word' id='word_1_75' title='bbox 720 2294 818 2363; x_wconf 81' lang='lat' dir='ltr'><strong>quod</strong></span> <span class='ocrx_word' id='word_1_76' title='bbox 846 2292 983 2362; x_wconf 78' lang='lat' dir='ltr'><strong>quaerit</strong></span> <span class='ocrx_word' id='word_1_77' title='bbox 1016 2291 1129 2350; x_wconf 90' lang='lat' dir='ltr'><strong>citius</strong></span> <span class='ocrx_word' id='word_1_78' title='bbox 1163 2291 1266 2349; x_wconf 84' lang='lat' dir='ltr'><strong>invo-</strong></span> 
     </span>
     <span class='ocr_line' id='line_1_12' title="bbox 240 2389 1266 2462; baseline 0 -14"><span class='ocrx_word' id='word_1_79' title='bbox 240 2390 333 2462; x_wconf 86' lang='lat' dir='ltr'><strong>niot‚</strong></span> <span class='ocrx_word' id='word_1_80' title='bbox 356 2391 488 2448; x_wconf 86' lang='lat' dir='ltr'><strong>meiius</strong></span> <span class='ocrx_word' id='word_1_81' title='bbox 512 2392 686 2462; x_wconf 82' lang='lat' dir='ltr'><strong>exponat,</strong></span> <span class='ocrx_word' id='word_1_82' title='bbox 710 2390 935 2448; x_wconf 84' lang='lat' dir='ltr'><strong>luculentius</strong></span> <span class='ocrx_word' id='word_1_83' title='bbox 956 2389 1157 2459; x_wconf 80' lang='lat' dir='ltr'><strong>praeconiis</strong></span> <span class='ocrx_word' id='word_1_84' title='bbox 1180 2389 1266 2448; x_wconf 72' lang='lat' dir='ltr'><strong>offa·</strong></span> 
     </span>
     <span class='ocr_line' id='line_1_13' title="bbox 241 2491 316 2545; baseline 0.013 -1"><span class='ocrx_word' id='word_1_85' title='bbox 241 2491 316 2545; x_wconf 81' lang='lat' dir='ltr'><strong>rat.</strong></span> 
     </span>
    </p>
   </div>
   <div class='ocr_carea' id='block_1_3' title="bbox 710 2776 766 2874">
    <p class='ocr_par' dir='ltr' id='par_1_3' title="bbox 710 2776 766 2874">
     <span class='ocr_line' id='line_1_14' title="bbox 710 2776 766 2874; baseline 0 -53"><span class='ocrx_word' id='word_1_86' title='bbox 710 2776 766 2874; x_wconf 62' lang='grc' dir='ltr'><strong>Α,</strong></span> 
     </span>
    </p>
   </div>
   <div class='ocr_carea' id='block_1_4' title="bbox 204 3035 1393 3662">
    <p class='ocr_par' dir='ltr' id='par_1_4' title="bbox 204 3035 1393 3662">
     <span class='ocr_line' id='line_1_15' title="bbox 250 3035 1269 3127; baseline -0.002 -23"><span class='ocrx_word' id='word_1_87' title='bbox 250 3040 279 3104; x_wconf 90' lang='grc'><strong>1.</strong></span> <span class='ocrx_word' id='word_1_88' title='bbox 303 3036 473 3104; x_wconf 81' lang='lat' dir='ltr'><strong>Antonius</strong></span> <span class='ocrx_word' id='word_1_89' title='bbox 493 3036 611 3126; x_wconf 83' lang='lat' dir='ltr'><strong>igitur,</strong></span> <span class='ocrx_word' id='word_1_90' title='bbox 627 3036 727 3127; x_wconf 81' lang='lat' dir='ltr'><strong>quasi</strong></span> <span class='ocrx_word' id='word_1_91' title='bbox 747 3035 949 3103; x_wconf 84' lang='lat' dir='ltr'><strong>matutinum</strong></span> <span class='ocrx_word' id='word_1_92' title='bbox 967 3035 1077 3121; x_wconf 86' lang='lat' dir='ltr'><strong>sidus,</strong></span> <span class='ocrx_word' id='word_1_93' title='bbox 1093 3036 1269 3103; x_wconf 79' lang='lat' dir='ltr'><strong>consessor</strong></span> 
     </span>
     <span class='ocr_line' id='line_1_16' title="bbox 205 3142 1268 3234; baseline -0.002 -23"><span class='ocrx_word' id='word_1_94' title='bbox 205 3143 334 3212; x_wconf 82' lang='lat' dir='ltr'><strong>Christi</strong></span> <span class='ocrx_word' id='word_1_95' title='bbox 354 3142 578 3233; x_wconf 69' lang='lat' dir='ltr'><strong>praefulgidus</strong></span> <span class='ocrx_word' id='word_1_96' title='bbox 591 3154 637 3222; x_wconf 86' lang='lat' dir='ltr'><strong>ei,</strong></span> <span class='ocrx_word' id='word_1_97' title='bbox 655 3155 817 3234; x_wconf 79' lang='lat' dir='ltr'><strong>tanquam</strong></span> <span class='ocrx_word' id='word_1_98' title='bbox 830 3142 892 3209; x_wconf 86' lang='lat' dir='ltr'><strong>Dei</strong></span> <span class='ocrx_word' id='word_1_99' title='bbox 908 3165 1030 3210; x_wconf 81' lang='lat' dir='ltr'><strong>servus</strong></span> <span class='ocrx_word' id='word_1_100' title='bbox 1050 3153 1084 3210; x_wconf 86' lang='lat' dir='ltr'><strong>ei</strong></span> <span class='ocrx_word' id='word_1_101' title='bbox 1099 3142 1268 3210; x_wconf 84' lang='lat' dir='ltr'><strong>Altissimi</strong></span> 
     </span>
     <span class='ocr_line' id='line_1_17' title="bbox 205 3249 1269 3342; baseline 0.001 -25"><span class='ocrx_word' id='word_1_102' title='bbox 205 3251 356 3327; x_wconf 75' lang='lat' dir='ltr'><strong>nantino,</strong></span> <span class='ocrx_word' id='word_1_103' title='bbox 372 3249 576 3340; x_wconf 63' lang='lat' dir='ltr'><strong>praedicator</strong></span> <span class='ocrx_word' id='word_1_104' title='bbox 596 3250 744 3341; x_wconf 80' lang='lat' dir='ltr'><strong>insignis</strong></span> <span class='ocrx_word' id='word_1_105' title='bbox 760 3260 793 3317; x_wconf 86' lang='lat' dir='ltr'><strong>ei</strong></span> <span class='ocrx_word' id='word_1_106' title='bbox 808 3249 926 3316; x_wconf 83' lang='lat' dir='ltr'><strong>doctor</strong></span> <span class='ocrx_word' id='word_1_107' title='bbox 941 3250 1117 3342; x_wconf 79' lang='lat' dir='ltr'><strong>egregius,</strong></span> <span class='ocrx_word' id='word_1_108' title='bbox 1135 3249 1176 3318; x_wconf 86' lang='lat' dir='ltr'><strong>de</strong></span> <span class='ocrx_word' id='word_1_109' title='bbox 1194 3249 1269 3318; x_wconf 85' lang='lat' dir='ltr'><strong>His·</strong></span> 
     </span>
     <span class='ocr_line' id='line_1_18' title="bbox 205 3356 1393 3447; baseline 0.001 -24"><span class='ocrx_word' id='word_1_110' title='bbox 205 3357 382 3446; x_wconf 88' lang='lat' dir='ltr'><strong>pauiarum</strong></span> <span class='ocrx_word' id='word_1_111' title='bbox 402 3381 522 3447; x_wconf 82' lang='lat' dir='ltr'><strong>regno,</strong></span> <span class='ocrx_word' id='word_1_112' title='bbox 541 3357 761 3446; x_wconf 78' lang='lat' dir='ltr'><strong>Portugalliae</strong></span> <span class='ocrx_word' id='word_1_113' title='bbox 781 3356 909 3423; x_wconf 84' lang='lat' dir='ltr'><strong>ultimis</strong></span> <span class='ocrx_word' id='word_1_114' title='bbox 933 3356 1071 3436; x_wconf 82' lang='lat' dir='ltr'><strong>sinibus,</strong></span> <span class='ocrx_word' id='word_1_115' title='bbox 1090 3356 1269 3424; x_wconf 85' lang='lat' dir='ltr'><strong>Ulixbonae</strong></span> <span class='ocrx_word' id='word_1_116' title='bbox 1385 3383 1393 3397; x_wconf 90' lang='lat'><strong>·</strong></span> 
     </span>
     <span class='ocr_line' id='line_1_19' title="bbox 204 3462 1267 3554; baseline 0 -24"><span class='ocrx_word' id='word_1_117' title='bbox 204 3464 300 3530; x_wconf 82' lang='lat' dir='ltr'><strong>urbis</strong></span> <span class='ocrx_word' id='word_1_118' title='bbox 335 3463 438 3530; x_wconf 88' lang='lat' dir='ltr'><strong>nobili</strong></span> <span class='ocrx_word' id='word_1_119' title='bbox 475 3474 571 3530; x_wconf 80' lang='lat' dir='ltr'><strong>orius</strong></span> <span class='ocrx_word' id='word_1_120' title='bbox 604 3464 781 3554; x_wconf 80' lang='lat' dir='ltr'><strong>progenie,</strong></span> <span class='ocrx_word' id='word_1_121' title='bbox 811 3474 908 3553; x_wconf 82' lang='lat' dir='ltr'><strong>patre</strong></span> <span class='ocrx_word' id='word_1_122' title='bbox 943 3462 1072 3531; x_wconf 78' lang='lat' dir='ltr'><strong>scilicet</strong></span> <span class='ocrx_word' id='word_1_123' title='bbox 1105 3463 1267 3542; x_wconf 70' lang='lat' dir='ltr'><strong>Marcion,</strong></span> 
     </span>
     <span class='ocr_line' id='line_1_20' title="bbox 205 3569 1269 3662; baseline 0 -26"><span class='ocrx_word' id='word_1_124' title='bbox 205 3570 639 3662; x_wconf 76' lang='lat' dir='ltr'><strong>Alplionsimilite‚1uaire</strong></span> <span class='ocrx_word' id='word_1_125' title='bbox 666 3594 747 3638; x_wconf 86' lang='lat' dir='ltr'><strong>vero</strong></span> <span class='ocrx_word' id='word_1_126' title='bbox 773 3569 959 3638; x_wconf 86' lang='lat' dir='ltr'><strong>seeundum</strong></span> <span class='ocrx_word' id='word_1_127' title='bbox 984 3569 1269 3662; x_wconf 79' lang='lat' dir='ltr'><strong>propagationem</strong></span> 
     </span>
    </p>
   </div>
   <div class='ocr_carea' id='block_1_5' title="bbox 205 3793 1273 4260">
    <p class='ocr_par' dir='ltr' id='par_1_5' title="bbox 205 3793 1273 4260">
     <span class='ocr_line' id='line_1_21' title="bbox 240 3793 1272 3858; baseline 0.001 -16"><span class='ocrx_word' id='word_1_128' title='bbox 240 3798 261 3842; x_wconf 90' lang='lat' dir='ltr'><strong>i.</strong></span> <span class='ocrx_word' id='word_1_129' title='bbox 286 3795 338 3844; x_wconf 84' lang='lat' dir='ltr'><strong>Las</strong></span> <span class='ocrx_word' id='word_1_130' title='bbox 362 3794 466 3852; x_wconf 78' lang='lat' dir='ltr'><strong>letires,</strong></span> <span class='ocrx_word' id='word_1_131' title='bbox 485 3795 552 3843; x_wconf 73' lang='lat' dir='ltr'><strong>(loni</strong></span> <span class='ocrx_word' id='word_1_132' title='bbox 574 3809 643 3844; x_wconf 86' lang='lat' dir='ltr'><strong>nous</strong></span> <span class='ocrx_word' id='word_1_133' title='bbox 666 3795 769 3843; x_wconf 84' lang='lat' dir='ltr'><strong>iaisons</strong></span> <span class='ocrx_word' id='word_1_134' title='bbox 794 3794 926 3858; x_wconf 67' lang='lat' dir='ltr'><strong>precedet</strong></span> <span class='ocrx_word' id='word_1_135' title='bbox 944 3794 984 3844; x_wconf 84' lang='lat' dir='ltr'><strong>les</strong></span> <span class='ocrx_word' id='word_1_136' title='bbox 1004 3793 1096 3844; x_wconf 80' lang='lat' dir='ltr'><strong>divers</strong></span> <span class='ocrx_word' id='word_1_137' title='bbox 1120 3795 1272 3858; x_wconf 78' lang='lat' dir='ltr'><strong>fragments</strong></span> 
     </span>
     <span class='ocr_line' id='line_1_22' title="bbox 205 3873 1271 3939; baseline 0.001 -16"><span class='ocrx_word' id='word_1_138' title='bbox 205 3875 286 3937; x_wconf 78' lang='lat' dir='ltr'><strong>qu&#39;ou</strong></span> <span class='ocrx_word' id='word_1_139' title='bbox 303 3888 337 3922; x_wconf 85' lang='lat' dir='ltr'><strong>va</strong></span> <span class='ocrx_word' id='word_1_140' title='bbox 355 3875 413 3933; x_wconf 83' lang='lat' dir='ltr'><strong>lire,</strong></span> <span class='ocrx_word' id='word_1_141' title='bbox 438 3875 556 3924; x_wconf 81' lang='lat' dir='ltr'><strong>exisieui</strong></span> <span class='ocrx_word' id='word_1_142' title='bbox 571 3875 640 3923; x_wconf 86' lang='lat' dir='ltr'><strong>daus</strong></span> <span class='ocrx_word' id='word_1_143' title='bbox 656 3877 734 3924; x_wconf 83' lang='lat' dir='ltr'><strong>noire</strong></span> <span class='ocrx_word' id='word_1_144' title='bbox 750 3875 909 3924; x_wconf 82' lang='lat' dir='ltr'><strong>manuscrit.</strong></span> <span class='ocrx_word' id='word_1_145' title='bbox 927 3874 1001 3924; x_wconf 87' lang='lat' dir='ltr'><strong>Eiles</strong></span> <span class='ocrx_word' id='word_1_146' title='bbox 1021 3873 1238 3939; x_wconf 81' lang='lat' dir='ltr'><strong>correspondoni</strong></span> <span class='ocrx_word' id='word_1_147' title='bbox 1255 3875 1271 3924; x_wconf 79' lang='lat' dir='ltr'><strong>a</strong></span> 
     </span>
     <span class='ocr_line' id='line_1_23' title="bbox 205 3953 1272 4019; baseline 0.002 -16"><span class='ocrx_word' id='word_1_148' title='bbox 205 3968 258 4003; x_wconf 86' lang='lat' dir='ltr'><strong>une</strong></span> <span class='ocrx_word' id='word_1_149' title='bbox 275 3956 345 4004; x_wconf 74' lang='lat' dir='ltr'><strong>serie</strong></span> <span class='ocrx_word' id='word_1_150' title='bbox 362 3954 498 4016; x_wconf 81' lang='lat' dir='ltr'><strong>analogue</strong></span> <span class='ocrx_word' id='word_1_151' title='bbox 513 3953 547 4003; x_wconf 85' lang='lat' dir='ltr'><strong>de</strong></span> <span class='ocrx_word' id='word_1_152' title='bbox 563 3955 658 4004; x_wconf 79' lang='lat' dir='ltr'><strong>letires</strong></span> <span class='ocrx_word' id='word_1_153' title='bbox 674 3968 727 4019; x_wconf 82' lang='lat' dir='ltr'><strong>que</strong></span> <span class='ocrx_word' id='word_1_154' title='bbox 743 3954 767 4004; x_wconf 87' lang='lat' dir='ltr'><strong>ia</strong></span> <span class='ocrx_word' id='word_1_155' title='bbox 782 3957 889 4018; x_wconf 81' lang='lat' dir='ltr'><strong>copisie</strong></span> <span class='ocrx_word' id='word_1_156' title='bbox 906 3968 922 4002; x_wconf 92' lang='lat' dir='ltr'><strong>a</strong></span> <span class='ocrx_word' id='word_1_157' title='bbox 941 3955 1067 4004; x_wconf 82' lang='lat' dir='ltr'><strong>inscriies</strong></span> <span class='ocrx_word' id='word_1_158' title='bbox 1081 3967 1115 4004; x_wconf 87' lang='lat' dir='ltr'><strong>sn</strong></span> <span class='ocrx_word' id='word_1_159' title='bbox 1131 3967 1225 4017; x_wconf 78' lang='lat' dir='ltr'><strong>margo</strong></span> <span class='ocrx_word' id='word_1_160' title='bbox 1238 3955 1272 4005; x_wconf 85' lang='lat' dir='ltr'><strong>de</strong></span> 
     </span>
     <span class='ocr_line' id='line_1_24' title="bbox 206 4033 1273 4100; baseline 0.002 -17"><span class='ocrx_word' id='word_1_161' title='bbox 206 4050 237 4083; x_wconf 89' lang='lat' dir='ltr'><strong>sa</strong></span> <span class='ocrx_word' id='word_1_162' title='bbox 252 4036 330 4098; x_wconf 88' lang='lat' dir='ltr'><strong>copie</strong></span> <span class='ocrx_word' id='word_1_163' title='bbox 346 4035 379 4083; x_wconf 84' lang='lat' dir='ltr'><strong>da</strong></span> <span class='ocrx_word' id='word_1_164' title='bbox 396 4035 421 4084; x_wconf 87' lang='lat' dir='ltr'><strong>ia</strong></span> <span class='ocrx_word' id='word_1_165' title='bbox 437 4035 553 4099; x_wconf 76' lang='lat' dir='ltr'><strong>legenda</strong></span> <span class='ocrx_word' id='word_1_166' title='bbox 574 4036 675 4099; x_wconf 81' lang='lat' dir='ltr'><strong>prima,</strong></span> <span class='ocrx_word' id='word_1_167' title='bbox 692 4034 846 4099; x_wconf 86' lang='lat' dir='ltr'><strong>indiquaui‚</strong></span> <span class='ocrx_word' id='word_1_168' title='bbox 860 4033 894 4084; x_wconf 89' lang='lat' dir='ltr'><strong>de</strong></span> <span class='ocrx_word' id='word_1_169' title='bbox 912 4035 938 4084; x_wconf 92' lang='lat' dir='ltr'><strong>la</strong></span> <span class='ocrx_word' id='word_1_170' title='bbox 953 4038 1037 4094; x_wconf 78' lang='lat' dir='ltr'><strong>sorio,</strong></span> <span class='ocrx_word' id='word_1_171' title='bbox 1053 4036 1069 4084; x_wconf 84' lang='lat' dir='ltr'><strong>a</strong></span> <span class='ocrx_word' id='word_1_172' title='bbox 1085 4035 1148 4100; x_wconf 88' lang='lat' dir='ltr'><strong>quel</strong></span> <span class='ocrx_word' id='word_1_173' title='bbox 1162 4034 1273 4085; x_wconf 80' lang='lat' dir='ltr'><strong>endroit</strong></span> 
     </span>
     <span class='ocr_line' id='line_1_25' title="bbox 207 4113 1270 4180; baseline 0 -16"><span class='ocrx_word' id='word_1_174' title='bbox 207 4115 241 4163; x_wconf 82' lang='lat' dir='ltr'><strong>dc</strong></span> <span class='ocrx_word' id='word_1_175' title='bbox 255 4120 326 4164; x_wconf 85' lang='lat' dir='ltr'><strong>ceiic</strong></span> <span class='ocrx_word' id='word_1_176' title='bbox 338 4115 453 4177; x_wconf 72' lang='lat' dir='ltr'><strong>leganda</strong></span> <span class='ocrx_word' id='word_1_177' title='bbox 466 4117 604 4179; x_wconf 77' lang='lat' dir='ltr'><strong>primitiva</strong></span> <span class='ocrx_word' id='word_1_178' title='bbox 619 4115 724 4164; x_wconf 83' lang='lat' dir='ltr'><strong>chacun</strong></span> <span class='ocrx_word' id='word_1_179' title='bbox 740 4114 789 4165; x_wconf 87' lang='lat' dir='ltr'><strong>des</strong></span> <span class='ocrx_word' id='word_1_180' title='bbox 813 4129 947 4180; x_wconf 81' lang='lat' dir='ltr'><strong>passages</strong></span> <span class='ocrx_word' id='word_1_181' title='bbox 963 4116 997 4165; x_wconf 86' lang='lat' dir='ltr'><strong>de</strong></span> <span class='ocrx_word' id='word_1_182' title='bbox 1013 4115 1038 4164; x_wconf 91' lang='lat' dir='ltr'><strong>la</strong></span> <span class='ocrx_word' id='word_1_183' title='bbox 1055 4113 1170 4178; x_wconf 78' lang='lat' dir='ltr'><strong>legende</strong></span> <span class='ocrx_word' id='word_1_184' title='bbox 1184 4113 1270 4165; x_wconf 81' lang='lat' dir='ltr'><strong>Beni-</strong></span> 
     </span>
     <span class='ocr_line' id='line_1_26' title="bbox 205 4195 842 4260; baseline 0 -16"><span class='ocrx_word' id='word_1_185' title='bbox 205 4196 299 4259; x_wconf 83' lang='lat' dir='ltr'><strong>guiius</strong></span> <span class='ocrx_word' id='word_1_186' title='bbox 313 4209 342 4245; x_wconf 82' lang='lat' dir='ltr'><strong>se</strong></span> <span class='ocrx_word' id='word_1_187' title='bbox 356 4199 486 4260; x_wconf 80' lang='lat' dir='ltr'><strong>rapporie</strong></span> <span class='ocrx_word' id='word_1_188' title='bbox 499 4199 526 4246; x_wconf 84' lang='lat' dir='ltr'><strong>ai</strong></span> <span class='ocrx_word' id='word_1_189' title='bbox 542 4199 598 4246; x_wconf 85' lang='lat' dir='ltr'><strong>sori</strong></span> <span class='ocrx_word' id='word_1_190' title='bbox 612 4195 646 4244; x_wconf 84' lang='lat' dir='ltr'><strong>‹ie</strong></span> <span class='ocrx_word' id='word_1_191' title='bbox 657 4195 842 4259; x_wconf 74' lang='lat' dir='ltr'><strong>supplement.</strong></span> 
     </span>
    </p>
   </div>
   <div class='ocr_carea' id='block_1_6' title="bbox 0 0 1481 4822">
    <p class='ocr_par' dir='ltr' id='par_1_6' title="bbox 0 0 1481 4822">
     <span class='ocr_line' id='line_1_27' title="bbox 0 0 1481 4822; baseline 0 0"><span class='ocrx_word' id='word_1_192' title='bbox 0 0 1481 4822; x_wconf 95' lang='lat' dir='ltr'><strong> </strong></span> 
     </span>
    </p>
   </div>
  </div>
 </body>
</html>
