2934 4822
438 396 477 442 s.⁴
495 395 639 441 nuroun
664 393 970 454 cannamomum,
996 374 1040 442 40
1209 374 1271 442 105

206 540 291 604 Erat
307 536 395 604 enim
408 534 454 603 ibi
470 534 524 601 vir
535 548 550 577 ‘²
566 532 738 624 qnidaml,
753 532 951 602 Dominicus
965 532 1114 613 nomine,
1131 532 1201 623 qui,
1216 532 1271 600 die

206 643 365 735 quadam,
376 641 637 720 adomosua‚ut
650 640 763 731 operis
783 639 956 732 quidpiam
972 649 1091 730 ageret
1102 652 1128 720 ⁶,
1140 639 1270 721 exiens,

205 750 384 841 parvulum
400 749 505 816 filium
525 772 543 815 e
563 747 743 838 vestigiod
763 746 919 814 comitem
934 746 1065 815 babuit.
1087 748 1119 816 7.
1142 747 1272 835 Quum·

205 881 269 948 que
294 855 504 924 adomicilio
532 879 594 922 suo
620 854 795 945 paululum
815 854 1030 940 recessisset,
1059 864 1150 922 retro
1174 877 1272 944 spec·

205 976 308 1031 tans⁶
324 964 491 1030 neminem
506 961 629 1029 adesse
644 961 795 1030 videbat.
812 963 857 1029 At
872 961 927 1029 ille
944 961 1168 1051 stupefactus,
1185 970 1270 1028 atto·

206 1070 316 1137 nitiss
334 1070 595 1159 circumquaque
608 1069 792 1136 luminibus
806 1091 976 1158 quaerens,
987 1067 1105 1136 circuit
1121 1082 1184 1135 act
1198 1078 1271 1135 tan·

205 1177 282 1244 dem
310 1177 525 1244 submersum
542 1175 575 1242 in
595 1175 671 1243 lacu
692 1174 838 1265 quodam
861 1174 966 1240 filium
986 1174 1123 1264 reperit.
1145 1177 1177 1243 8.
1201 1178 1271 1242 Ex-

205 1293 352 1351 tractum
366 1306 448 1349 vero
464 1305 605 1373 pucrum
621 1282 736 1349 infelix
750 1292 849 1372 pater
864 1281 963 1348 matri
979 1281 1184 1349 exstinctum
1199 1291 1270 1349 tra-

204 1388 338 1475 diditl3
361 1389 435 1468 sed,
457 1390 546 1456 lacto
561 1390 571 1431 ¹'
593 1388 772 1456 confestim
796 1398 890 1468 voto,
919 1388 1110 1456 beatissimi
1130 1388 1270 1456 Antonii

205 1497 336 1564 meritis
356 1497 472 1565 vivum
488 1497 615 1586 recepit
625 1497 650 1563 Ι.

475 1940 536 1997 40.
551 1941 603 1996 De
618 1938 717 1998 vitro
734 1939 957 1997 conservato
973 1932 999 1993 h.

251 2253 279 2316 l.
304 2248 405 2315 Miles
425 2247 563 2338 quidam
577 2246 618 2313 dc
634 2247 843 2324 Salvatcrra‚
871 2246 1098 2315 hleardinus‘
1119 2248 1266 2336 nomine,

202 2378 317 2446 quum,
332 2355 375 2422 ab
389 2355 559 2421 ineuntem
576 2363 677 2420 aetate
693 2352 852 2421 haeretica
863 2353 1033 2444 pravitate
1044 2353 1198 2434 delusus,
1214 2355 1269 2424 die

202 2461 362 2552 quadam,
385 2471 463 2552 post
483 2460 612 2527 obitum
634 2459 757 2540 sancti,
779 2483 854 2527 cum
874 2484 978 2527 uxore
999 2484 1062 2528 sua
1082 2485 1122 2528 ac
1140 2462 1269 2530 familia

201 2593 268 2636 non
289 2593 395 2659 parva
426 2567 577 2635 Paduam
604 2566 815 2643 advenisset,
845 2568 1053 2635 constitutus
1080 2568 1114 2635 in
1134 2592 1265 2649 mensa,

201 2700 305 2767 super
331 2675 517 2754 miraculis,
546 2674 637 2741 beati
661 2673 799 2741 Antonii
824 2674 970 2753 meritis,
992 2674 1141 2741 fidelium
1163 2675 1268 2744 devo-

200 2783 285 2850 tioni
313 2781 486 2858 exhibitis,
514 2804 590 2872 cum
618 2780 752 2849 caeteris
780 2779 1027 2870 prandentibus
1057 2781 1265 2851 conferebat.

200 2894 234 2957 2.
253 2892 433 2979 Quumque
453 2912 533 2955 vere
555 2898 710 2955 sanctum
732 2888 793 2955 Dei
812 2888 949 2955 beatum
966 2888 1152 2956 Antonium
1168 2890 1267 2957 lore'²

200 2996 314 3063 caeteri
330 2995 575 3075 asseruissent,
589 3005 755 3062 evacuato
768 3018 867 3084 quem
882 2994 917 3062 in
932 2995 1089 3063 manibus
1099 3010 1114 3037 ⁰
1129 2997 1268 3065 tenebat

200 3104 323 3193 cyatho
356 3102 466 3169 vitreo
482 3116 513 3182 Ρ,
544 3101 579 3168 in
612 3102 684 3169 haec
718 3102 822 3168 lerme
855 3102 987 3170 verhar
1015 3102 1193 3192 prorupit:
1231 3104 1267 3172 Si

200 3210 361 3300 cyathum
395 3210 483 3276 hunc
504 3209 649 3277 illaesum
674 3208 866 3277 servaverit
886 3231 987 3299 quem
1006 3233 1069 3276 vos
1093 3219 1265 3278 sanctum'

200 3316 326 3395 dicitis,
345 3329 445 3384 vera³
460 3317 531 3383 lore
553 3315 689 3383 credam
705 3339 779 3406 quae
805 3314 846 3383 de
865 3315 941 3406 ipso
956 3315 1038 3383 mihi
1058 3315 1266 3407 persuadere

225 3552 246 3582 a.
259 3539 325 3582 Paris
337 3539 377 3582 air
390 3538 431 3582 ibt.
440 3562 465 3571 -
479 3539 499 3583 t.
513 3539 577 3583 Paris
590 3552 634 3583 om.
646 3539 758 3594 qnidam.
768 3562 794 3571 —
805 3551 825 3584 c.
838 3540 894 3583 Luc.
903 3539 1031 3595 quispiam
1047 3543 1186 3595 perageret.
1200 3563 1227 3572 -
1241 3541 1267 3586 d.

198 3611 264 3654 Puris
277 3624 320 3654 om.
336 3624 349 3653 c
365 3611 476 3665 orstlpr'o.
489 3634 515 3641 -
530 3623 550 3654 c.
564 3611 629 3654 l'aris
643 3611 836 3665 introspectum.
849 3635 875 3644 -
888 3612 905 3666 f.
920 3611 986 3655 Paris
999 3611 1128 3656 attonitus.
1141 3635 1167 3644 -
1177 3625 1201 3667 ρ,
1214 3613 1267 3655 Alc.

196 3684 319 3726 sthat-
334 3682 358 3725 lt.
373 3682 439 3724 Paris
454 3681 571 3725 reddidit.
587 3705 613 3712 -
635 3681 650 3725 l.
664 3681 720 3726 Luc.
741 3681 817 3735 sacta.
837 3681 1267 3735 -j.1cirens.raa.7tinurcare

196 3765 225 3795 un
244 3754 359 3806 clmpitrn:
374 3753 407 3795 Dc
423 3751 534 3795 litoralis
554 3766 567 3795 n
582 3753 697 3808 prrirnlo
709 3753 807 3796 mortis.
823 3755 853 3796 ln
871 3753 972 3797 civitate
984 3753 1121 3808 hlonopolt,
1136 3754 1173 3809 qni
1194 3766 1221 3796 nc
1242 3766 1268 3797 sc

196 3827 273 3867 trouve
284 3837 323 3878 pras
332 3824 388 3865 dans
397 3825 430 3866 lcs
438 3827 514 3865 antrcs
524 3823 580 3867 blas.
590 3824 617 3866 dc
627 3826 648 3867 la
656 3825 760 3879 lcpcndn
769 3825 854 3880 prima
863 3827 1008 3879 proprement
1016 3824 1068 3873 dito.
1078 3825 1269 3869 muissculcmcnt

196 3896 252 3938 dans
265 3897 285 3937 lc
301 3895 382 3937 recueil
402 3896 525 3938 d'Anconc.
541 3894 606 3938 Nous
626 3909 653 3938 cn
666 3896 794 3938 ‹lonncrons
813 3897 833 3938 lc
846 3899 904 3939 texto
920 3897 972 3950 plus
984 3897 1037 3945 lain,
1054 3895 1067 3938 d
1083 3896 1228 3950 l'appcudicc.
1241 3919 1268 3928 -

196 3967 219 4009 h.
234 3966 299 4009 Puris
313 3966 346 4009 Dc
359 3965 474 4009 hrcrctico
492 3978 620 4010 conuerso.
633 3990 659 3998 -
672 3967 688 4010 t.
706 3967 759 4010 Alc.
772 3968 812 4012 ‘286
826 3966 1008 4011 Adclardlnus.
1031 3967 1086 4011 Luc.
1101 3967 1266 4011 Adlardinus.

198 4037 263 4081 l’aris
275 4036 441 4080 odelhardus.
454 4061 480 4069 —
495 4049 528 4081 m,
542 4039 593 4081 mc.
607 4039 647 4081 alut
659 4039 742 4081 adhuc
760 4038 870 4081 incante.
885 4038 952 4082 Paris
965 4039 995 4081 nb
1008 4038 1113 4081 ineunti.
1128 4061 1154 4070 -
1165 4050 1189 4082 n.
1202 4037 1267 4081 Puris

196 4108 250 4162 [ore
270 4108 418 4151 Antonium.
431 4132 457 4140 -
469 4121 491 4151 o.
506 4110 557 4152 Alc.
570 4111 610 4152 286
622 4120 697 4163 quem
711 4109 837 4153 manibus.
853 4108 919 4153 Paris
940 4121 1016 4163 quern
1035 4121 1121 4153 mann.
1133 4132 1159 4142 -
1175 4124 1200 4164 p.
1214 4110 1268 4152 Alc.

196 4180 236 4223 ‘286
252 4192 296 4222 orn.
311 4178 397 4222 vitreo.
420 4202 446 4211 —
467 4191 490 4234 q.
506 4180 570 4223 Paris
584 4181 609 4223 tn
624 4182 676 4223 hrcc
696 4181 824 4225 sententis
842 4180 924 4225 verba.
941 4203 968 4212 -
983 4193 1002 4224 r.
1022 4179 1086 4224 Puris
1105 4181 1156 4224 add
1167 4192 1228 4226 erac.
1240 4206 1267 4215 -

196 4262 216 4296 s.
231 4251 282 4295 Alc.
295 4251 336 4296 ‘286
355 4262 419 4296 cere.
