2934 4822
202 353 268 423 210
378 374 410 421 e.
437 374 582 422 aurona
606 374 768 422 Lucanus
793 380 810 416 a
836 373 1085 425 asurcmrns»

709 763 766 861 01

248 1060 278 1126 1.
305 1058 492 1138 Attendite,
519 1058 644 1125 iratres
676 1056 859 1135 carissimi,
890 1055 1059 1124 hominem
1087 1056 1266 1147 pacificum

201 1175 234 1231 et
253 1189 333 1232 vere
349 1164 480 1232 cunctis
501 1164 679 1231 amabilem
700 1163 897 1247 Antonium,
920 1162 1000 1253 quia
1020 1187 1081 1230 nec
1100 1164 1266 1252 praelatus

202 1295 263 1339 nec
279 1272 435 1361 superior
453 1271 518 1338 sibi
538 1270 709 1339 licentiam
729 1294 872 1362 erogare
888 1271 1037 1354 volebat,
1060 1294 1168 1361 neque
1184 1294 1265 1339 con·

202 1378 315 1446 silium
334 1378 476 1446 aliorum
501 1379 643 1445 fratrum
669 1378 704 1445 in
730 1378 792 1445 hoc
811 1377 1048 1461 concurrebat,
1078 1401 1139 1444 nec
1162 1377 1265 1446 etiam

201 1485 451 1562 concanonicus
471 1485 544 1575 ejus
575 1484 766 1552 absentiam
782 1484 986 1552 sustinebat.
1012 1487 1045 1553 2.
1068 1486 1154 1551 Puto
1175 1483 1266 1575 quod

201 1615 269 1661 non
284 1592 358 1660 sine
378 1592 478 1684 gravi
497 1615 653 1671 moerore,
675 1615 743 1659 non
763 1591 892 1683 absque
908 1614 1034 1682 magna
1049 1590 1266 1658 lacrimarum

201 1698 377 1780 effusione,
408 1703 480 1766 ncn'
507 1698 581 1766 sine
609 1721 736 1789 magna
765 1697 871 1765 totius
901 1697 1099 1765 monasterii
1130 1696 1266 1764 desola-

200 1805 305 1891 tione,
335 1805 438 1873 talem
468 1805 579 1872 virum
607 1804 836 1892 dimittebant,
858 1828 958 1896 quem
983 1805 1018 1871 in
1042 1804 1138 1871 brevi
1160 1815 1265 1873 recto·

200 1935 271 1992 rem
285 1911 439 2004 ejusdem
453 1912 518 1980 loci
534 1911 659 1981 habere
673 1911 832 1980 idoneum
848 1936 886 1980 se
902 1911 1098 1980 credebant.

712 2243 765 2340 52

248 2550 277 2614 1.
305 2547 334 2613 0
359 2546 496 2615 beatum
519 2546 642 2626 virum,
672 2569 690 2612 a
715 2546 846 2614 eunctis
871 2546 992 2613 merito
1021 2546 1264 2619 extollendum.

200 2653 398 2739 Antonium,
423 2653 479 2742 qui
509 2653 591 2720 totis
617 2653 816 2742 praecordiis
837 2653 1019 2720 affectabat
1039 2677 1100 2742 pro
1123 2653 1266 2721 Christo

200 2759 313 2826 subire
347 2760 570 2850 martyrium!
603 2759 669 2827 Sed
690 2760 774 2826 mira
802 2760 911 2849 ipsius
941 2759 1124 2827 inellabilis
1148 2761 1267 2849 provi·

199 2866 326 2944 dentia,
347 2877 385 2933 ut
401 2865 592 2933 evidentius
608 2867 743 2934 demum
758 2866 892 2945 claruit,
910 2890 985 2933 eum
1002 2867 1204 2934 reservabat
1220 2867 1264 2934 ad

198 2973 336 3040 utiliora
355 2974 390 3041 in
409 2974 613 3063 proximum,
635 2974 770 3064 quando
791 2974 824 3039 in
847 2973 962 3040 multis
985 2973 1078 3040 orbis
1105 2974 1265 3063 partibus

231 3262 252 3307 i.
272 3258 310 3309 Le
325 3259 499 3322 fragmenti)
521 3263 564 3309 esi
585 3258 698 3320 designa
718 3273 823 3309 comme
839 3272 868 3309 se
886 3261 1006 3309 referant
1026 3273 1124 3309 encore
1139 3274 1175 3309 au
1195 3261 1264 3310 cha-

199 3339 269 3403 pitre
280 3339 314 3388 de
330 3339 356 3388 la
369 3339 485 3404 tegenda
496 3339 588 3403 primo
601 3354 610 3387 .·
625 3339 761 3404 Quomodo
777 3339 902 3388 ordinem
917 3339 1048 3388 Fratrum
1064 3339 1202 3389 Minorem
1218 3341 1264 3391 in-

199 3419 292 3468 travit.
316 3419 354 3469 Le
373 3421 446 3469 texte
467 3419 586 3482 complet
601 3418 695 3468 devait
716 3420 836 3480 signator
858 3423 1033 3482 auparavani
1054 3420 1205 3470 i'enirevue
1224 3421 1263 3471 du

198 3500 271 3548 saint
290 3513 358 3549 avec
380 3498 419 3548 les
436 3500 533 3549 Frores
549 3499 669 3548 litineurs
685 3499 718 3548 de
734 3498 872 3559 Coimbre‚
893 3500 920 3548 la
943 3500 1092 3550 resolution
1114 3500 1179 3564 qu'il
1206 3503 1265 3565 prii

197 3579 315 3630 d'entrer
329 3579 399 3629 dans
414 3578 513 3629 l'ordre
527 3580 701 3639 franciscam,
718 3580 893 3644 i'opposition
907 3593 960 3644 que
975 3580 1014 3635 ssr,
1032 3583 1090 3629 tout
1104 3579 1226 3633 d'abord.
1246 3583 1264 3631 a

196 3672 245 3709 son
262 3659 361 3724 deperi
375 3660 400 3709 le
415 3661 558 3724 superieur
573 3659 622 3709 des
636 3660 793 3710 (tiranoines
806 3660 938 3723 reguliers
951 3664 979 3710 et
994 3662 1020 3710 ia
1040 3661 1170 3711 reflexion
1187 3675 1264 3711 mor-

196 3739 278 3789 danie
294 3739 327 3789 de
347 3740 401 3788 l'un
422 3739 455 3789 de
469 3753 513 3789 ses
532 3741 643 3789 enciens
665 3741 803 3790 conireres
825 3755 830 3788 :
860 3741 942 3798 Vade,
959 3741 1035 3801 aride,
1050 3741 1114 3805 quia
1139 3741 1264 3804 forsitan

195 3823 309 3868 sancius
325 3820 391 3868 eris.
414 3820 457 3882 (V.
475 3835 575 3883 supra:
593 3819 656 3883 Lag.
670 3821 907 3885 primn,:›.11‘·ic,)

201 3904 203 3909 “
226 3904 249 3947 2.
269 3900 305 3949 Le
316 3901 449 3961 fragment
466 3901 485 3948 1«)
496 3905 537 3949 est
553 3901 674 3964 indique,
692 3900 761 3949 deins
777 3904 854 3949 notro
864 3901 924 3958 lis,
938 3915 1043 3949 comme
1054 3901 1212 3964 s'adapiant
1226 3916 1263 3951 au

194 3979 319 4043 chapitre
335 3979 368 4029 de
382 3981 408 4029 la
425 3981 540 4043 legenda
550 3981 642 4044 prima
661 3981 816 4046 :Quomodo
830 3982 879 4031 i'rii
890 3980 1076 4030 ilarcrciiium
1090 3986 1114 4030 ei
1126 3981 1157 4029 de
1169 3982 1264 4031 reditu

193 4059 261 4121 ejus.
278 4060 299 4108 11
317 4060 374 4109 doit
392 4062 480 4109 servir
500 4060 533 4109 de
550 4063 745 4110 commentaire
762 4075 815 4110 aux
831 4063 1021 4125 paragraplres
1041 4063 1088 4126 qui
1108 4063 1222 4111 relatent
1237 4063 1263 4112 ie

194 4152 299 4201 voyage
315 4140 349 4188 du
365 4141 438 4188 saint
451 4153 484 4189 en
501 4141 624 4204 Afrique,
638 4155 670 4189 sa
690 4141 818 4202 maledie,
838 4156 887 4191 son
905 4141 1155 4206 rembarquemeni‚
1169 4156 1200 4191 sa
1216 4157 1263 4192 ve·

196 4233 248 4268 nue
263 4233 296 4269 en
312 4220 403 4270 Sietlc.
421 4220 454 4281 (V
471 4234 572 4284 supra:
590 4223 653 4286 Leg.
667 4223 770 4287 priora,
786 4229 809 4283 6,
826 4234 863 4272 n⁰·
878 4226 941 4287 1-5.)
