2934 4822
344 387 407 435 aas
430 386 587 435 sources
613 389 655 434 or
680 367 878 436 n'nrsromi:
904 387 1128 438 antonianus
1204 373 1269 441 265

236 528 303 591 Qu'y
314 527 383 580 a·t·tt
396 540 432 578 au
445 527 510 579 lond
526 528 560 580 de
573 542 604 581 oe
615 531 695 586 conte
707 530 861 594 popututm,
876 531 1000 582 reouetltt
1010 544 1047 582 un
1060 533 1144 584 steele
1153 535 1183 584 et
1196 533 1269 585 (tamt

205 609 287 674 apres
302 607 329 658 ta
340 611 411 658 mort
424 606 460 658 du
470 610 542 659 satnt
554 609 565 658 ?
575 610 663 661 'route
678 609 746 661 base
758 609 792 661 de
807 609 963 662 discussion
977 611 1080 662 faisant
1094 613 1128 662 tot
1144 612 1268 664 uetante

203 689 229 739 ta
244 689 370 753 crtttque,
384 688 401 738 tt
413 690 497 739 seratt
509 687 631 755 sup'erttu
646 689 784 754 d'essayer
796 690 830 741 de
847 691 1014 743 t'examtner.

235 768 273 819 Le
286 767 388 819 second
403 769 471 819 reclt
485 772 528 820 est
539 770 609 820 cetui
626 769 663 821 du
678 771 813 835 pretendu
829 780 932 835 voyage
948 773 1116 825 mtraeuteux
1139 774 1174 827 de
1195 776 1268 826 saint

203 850 324 899 Antotne
337 849 354 899 a
369 849 518 912 Lisbonne,
529 863 599 915 pour
610 849 729 901 detirrer
744 864 793 902 son
809 853 893 916 pere:

250 1075 288 1139 ln
309 1073 424 1140 Padua
440 1061 562 1141 beatus
583 1075 754 1142 Antonius
773 1074 945 1143 exsistens
965 1098 1035 1142 rem
1057 1075 1143 1143 vidit
1165 1099 1266 1167 quam

205 1202 319 1258 narro,
336 1203 356 1246 a
372 1179 462 1248 dieto
482 1180 587 1248 fratre
602 1179 684 1248 mihi
699 1180 853 1249 relatam.

249 1288 287 1352 ln
307 1286 445 1355 civitate
477 1286 661 1368 Ulixhona,
686 1286 729 1354 de
752 1309 820 1378 qua
840 1288 915 1378 ipse
937 1298 1078 1356 sanetus
1095 1290 1266 1358 Antonius

203 1393 334 1460 exstitit
353 1393 531 1480 oriundus,
555 1393 752 1461 viventibus
771 1394 858 1485 ipsis
873 1394 966 1464 beati
986 1395 1127 1463 Antonii
1147 1419 1266 1487 paren·

201 1498 294 1567 tibus
342 1499 528 1579 universis,
572 1509 682 1590 patre,
730 1509 838 1568 matre
876 1512 909 1569 et
947 1501 1124 1582 iratribus,
1162 1526 1266 1594 quum

201 1606 340 1697 quidam
372 1606 439 1674 duo
469 1606 561 1674 cives
592 1616 711 1674 essent
738 1606 864 1675 inimici
884 1608 1048 1699 capitales
1077 1619 1111 1677 et
1131 1610 1264 1696 hosteS,

201 1713 347 1804 contigit
366 1713 471 1780 silium
494 1736 636 1803 puerum
664 1712 766 1781 unius
781 1712 949 1781 dictorum
972 1715 1112 1783 desero
1134 1716 1178 1785 ab
1197 1717 1264 1785 alio

202 1819 360 1899 inveniri,
391 1820 447 1911 qui
468 1819 567 1911 juxta
593 1829 754 1909 parentes
784 1820 875 1888 beati
905 1821 1045 1888 Antonii
1073 1823 1262 1892 habitabat.

202 1928 311 2013 Quem
340 1925 488 1994 crudelis
518 1925 618 1993 homo
651 1926 790 2016 capiens
819 1926 1018 2016 perductum
1052 1928 1095 1996 ad
1129 1929 1265 1998 domum

202 2032 318 2100 statim
338 2032 462 2100 oceidit
481 2042 526 2111 et,
555 2032 590 2099 in
614 2032 782 2123 protunda
803 2043 900 2101 nocte
924 2034 1059 2102 hortum
1084 2047 1264 2126 parentum

201 2139 291 2207 beati
315 2140 454 2207 Antonii
476 2140 623 2219 intrans,
645 2139 735 2207 laeta
757 2140 867 2227 lovea,
889 2139 1036 2209 latenter
1056 2141 1212 2211 humavit
1231 2153 1265 2212 et

201 2246 394 2328 abscessit3
425 2257 472 2326 et,
494 2245 574 2337 quia
602 2268 686 2336 puer
704 2246 794 2314 filius
814 2257 888 2314 emt
907 2271 1063 2338 personae
1088 2249 1262 2328 notabilis,

200 2354 288 2422 lacta
317 2353 548 2444 inquisitione,
571 2363 743 2442 repertum
775 2363 828 2421 est
847 2353 959 2443 ipsum
987 2379 1050 2446 per
1073 2366 1264 2425 contratam

199 2459 257 2527 ubi
277 2460 388 2528 hostis
408 2459 587 2528 habitabat
601 2483 743 2551 puerum
763 2461 947 2529 transiisse
964 2471 1009 2543 et,
1024 2486 1127 2554 quum
1143 2463 1264 2533 domus

201 2566 311 2635 hostis
344 2576 378 2634 et
404 2544 524 2634 hortiis
558 2577 676 2635 essent
704 2567 861 2658 quaesita,
886 2567 968 2635 nihil
995 2580 1049 2637 est
1078 2580 1261 2661 repertum.

199 2673 279 2753 Sed,
292 2673 457 2765 inquisita
472 2673 573 2741 domo
590 2696 666 2741 eum
686 2673 785 2742 horto
802 2685 980 2765 parentum
1000 2676 1092 2744 beati
1108 2677 1262 2757 Antonii,

198 2803 283 2870 puer
310 2780 345 2847 in
368 2780 467 2847 horto
493 2780 648 2871 sepultus
675 2791 729 2849 est
757 2780 930 2849 inventus.
954 2785 1097 2873 Propter
1123 2784 1214 2876 quotl
1243 2810 1263 2853 a

196 2886 384 2976 justitiario
407 2886 502 2977 regis
526 2896 624 2977 pater
652 2910 728 2955 eum
750 2888 910 2956 omnibus
936 2889 977 2957 de
1006 2890 1106 2957 domo
1134 2890 1263 2964 detenti

201 2995 316 3079 sunt¹,
339 3003 502 3084 tanquam
525 2993 591 3083 ipsi
612 3016 753 3084 puerum
773 2994 993 3065 occidissent.

198 3177 200 3180 y
245 3100 345 3188 Quod
383 3101 505 3168 beatus
534 3100 719 3180 Antonius,
753 3101 818 3169 etsi
853 3113 946 3170 esset
986 3103 1123 3190 Padum,
1159 3128 1262 3196 quum

200 3208 323 3298 spiritu
359 3207 593 3299 cognovisset,
628 3207 800 3276 licentiam
832 3232 853 3276 a
881 3209 1072 3299 guardiano
1104 3211 1146 3280 de
1184 3236 1262 3280 sero

198 3325 331 3405 petens,
352 3323 556 3382 conventum
583 3314 688 3382 exivit
709 3324 754 3395 et,
776 3338 879 3406 quum
904 3328 1064 3408 pergeret
1083 3317 1124 3386 de
1149 3328 1259 3400 nocte,

199 3420 242 3488 ad
279 3421 452 3489 civitatem
491 3420 695 3488 Ulixbonam
731 3431 785 3488 est
819 3421 985 3491 deductus
1023 3424 1185 3493 miraculo
1213 3436 1259 3506 et,

199 3552 296 3595 mane
325 3528 459 3595 intrans
488 3527 673 3609 civitatem,
700 3528 743 3596 ad
763 3529 989 3619 justitiarium
1019 3554 1179 3622 pergens,
1205 3557 1261 3601 ro·

198 3659 282 3725 gare
304 3634 406 3724 eoepit
425 3644 462 3701 ut
485 3635 642 3702 innoxios
668 3635 848 3702 aorimiue
874 3637 1069 3706 absolveret
1094 3648 1128 3706 et
1147 3638 1261 3707 dimit-

197 3752 296 3809 teret.
326 3741 405 3819 Sed,
429 3741 485 3808 ille
506 3765 609 3832 quum
634 3742 725 3808 nulla
748 3742 880 3810 ratione
899 3742 934 3810 id
958 3744 1062 3812 vellet
1080 3768 1259 3837 peragere,

197 3849 318 3916 beatus
348 3847 519 3915 Antonius
547 3871 689 3938 puerum
717 3858 887 3917 mortuum
917 3849 982 3918 sibi
1011 3850 1135 3919 deterri
1165 3876 1261 3921 man-

197 3954 308 4034 davit;
326 3978 393 4044 quo
408 3953 586 4035 adducat,
599 3954 775 4022 mandavit
790 3955 856 4023 sibi
871 3966 909 4023 ut
925 3966 1084 4049 surgeret
1098 3968 1133 4026 et
1148 3983 1191 4026 an
1207 3960 1259 4026 sui

198 4105 409 4119 —

225 4179 244 4223 t.
261 4178 321 4222 Pour
335 4178 452 4222 detentus
465 4183 511 4223 est.

223 4251 243 4296 2.
260 4247 374 4294 lletttion
385 4249 413 4293 de
428 4249 509 4304 Milan,
524 4252 583 4305 1510,
597 4261 660 4308 porte
670 4252 714 4308 qur
724 4253 858 4306 mouetur,
868 4254 907 4311 qut
918 4262 954 4299 eet
966 4254 1119 4298 tridemment
1130 4265 1174 4299 une
1191 4255 1260 4300 toute.
