2934 4822
431 374 460 419 S.
487 372 632 419 anronrr
657 373 818 421 naornnn
844 373 964 434 rarus,
992 355 1034 422 16
1222 355 1265 422 53

534 1185 648 1247 tttttut
669 1185 746 1247 PARS
762 1184 927 1248 scrutate

582 1702 639 1761 16.
665 1701 883 1775 [Prologus]

245 2023 274 2087 1.
299 2021 337 2086 In
358 2018 526 2108 superiori
546 2027 716 2085 tractatus
732 2017 841 2084 nostri
857 2016 1033 2106 opusculo,
1048 2017 1137 2107 quod
1151 2018 1264 2109 gratia

199 2136 233 2193 et
251 2126 378 2193 virtute
399 2125 568 2192 altissimi
589 2124 633 2191 ad
653 2124 754 2191 finem
780 2123 913 2214 usque⁶
932 2124 1106 2214 prosecuti
1131 2148 1263 2209 sumus,

198 2233 304 2300 vitam
320 2243 353 2300 ct
368 2243 465 2300 actus
475 2231 666 2299 beatissimi
675 2230 784 2321 patris
798 2254 837 2298 ac
847 2231 963 2297 fratris
977 2232 1086 2298 nostri
1098 2244 1111 2274 ⁶
1124 2232 1265 2298 Antonii

200 2340 317 2407 humili
341 2338 534 2418 devotione,
553 2337 615 2405 sed
641 2337 769 2428 praevia
796 2336 955 2417 veritate,
981 2337 1261 2428 conscripsimus

198 2451 231 2515 2.
250 2447 339 2514 Mira
358 2469 441 2513 vcro
461 2469 536 2535 quae
553 2446 642 2512 circa
663 2454 788 2512 cunrat
807 2469 867 2534 per
883 2468 959 2511 curn
976 2445 1096 2512 Deusd
1107 2446 1264 2536 majesta-

197 2554 243 2621 tis
263 2552 398 2643 operari
414 2552 579 2642 dignatus
595 2562 648 2619 est
661 2565 687 2631 ⁶,
710 2575 730 2620 a
751 2551 805 2618 die
825 2551 939 2618 obitus
959 2551 1013 2618 sui
1033 2561 1067 2619 et
1086 2551 1262 2642 deinceps,

197 2661 348 2728 virorum
358 2659 456 2726 nobis
470 2658 536 2725 srilc
547 2658 729 2748 dignorum
738 2658 934 2725 narratione
945 2659 1052 2726 relata
1064 2658 1096 2739 s,
1108 2660 1264 2750 sequenti

201 2767 365 2858 opusculo
385 2766 543 2832 duximus
564 2765 760 2833 inserenda.

244 2880 276 2944 3.
300 2879 441 2952 Verum,
472 2874 551 2964 qnia
581 2897 648 2940 non
669 2872 782 2939 omnia
808 2872 896 2939 scire
921 2873 1136 2963 fronimusa,
1160 2898 1199 2941 ac
1224 2898 1266 2941 ne

198 2981 407 3072 legentibus,
441 2982 484 3048 ob
518 2979 796 3047 multitudinemt
825 2979 1096 3059 miraculorumf,
1128 2981 1265 3071 legendi

200 3087 398 3156 fastidiumj
415 3088 642 3178 pabeamus
661 3110 700 3153 ea
720 3086 793 3153 sola
807 3111 881 3177 quae
898 3087 1119 3154 necessaria*
1133 3089 1268 3178 magis‘

201 3204 383 3263 occurrunt
403 3205 568 3261 annotare
583 3193 817 3283 proponimus,
835 3204 872 3259 ut
893 3193 1016 3260 habeat
1030 3193 1167 3262 devotio
1187 3195 1265 3262 fide-

199 3303 282 3369 lium
303 3300 461 3391 quibusm
477 3325 514 3367 se
533 3300 660 3366 divinis
690 3309 831 3390 occupet
859 3300 1018 3368 laudibus
1045 3310 1078 3367 et
1108 3301 1165 3391 qni
1190 3302 1266 3391 plus

200 3410 313 3475 dicere
333 3407 377 3474 ad
398 3406 475 3474 fidei
495 3407 782 3473 aedificationemt
798 3407 939 3497 cupiunt
955 3430 1089 3497 semper
1113 3407 1267 3475 invenire

202 3526 345 3606 possent
366 3514 456 3604 qnod
471 3513 611 3581 addant.

205 3667 414 3678 1—-

228 3752 250 3782 a.
267 3739 318 3782 Alc.
334 3739 374 3782 293
389 3738 482 3792 Incipit
500 3748 560 3792 parc
579 3737 690 3781 secunda
712 3748 759 3791 pro
780 3737 912 3780 miracuta.
935 3737 1001 3780 Paris
1018 3738 1139 3792 Sequitur
1157 3743 1269 3785 sectanda

200 3822 260 3865 pars
274 3810 389 3863 tepcruirc.
399 3831 425 3841 -
436 3809 458 3852 t).
477 3808 532 3852 Lne.
549 3809 680 3861 hucusque
690 3808 714 3850 in
725 3809 810 3861 fircera.
824 3832 850 3843 -
863 3820 886 3851 c.
907 3808 961 3851 Psd.
973 3821 1017 3853 orn.
1029 3810 1117 3854 nostri.
1135 3833 1161 3844 -
1170 3812 1193 3854 ct.
1209 3812 1266 3855 Luc.

205 3881 338 3926 Dorrrinna.
354 3903 379 3913 -
397 3894 418 3923 a.
438 3880 503 3923 Paris
520 3883 638 3935 operatus
655 3882 699 3922 cst.
712 3901 737 3911 -
749 3879 766 3934 [-
779 3880 832 3923 Alc.
845 3882 885 3924 aar
897 3891 918 3922 ct
928 3880 980 3922 Alc.
995 3881 1034 3925 293
1047 3881 1165 3926 rotatione
1182 3884 1268 3928 rotata.

204 3953 269 3996 Paris
285 3956 395 3995 narrata.
405 3974 430 3984 -
443 3965 465 4005 ῃ.
479 3951 545 3994 Paris
555 3951 614 4004 quia
625 3952 709 3994 omnia
721 3951 831 3994 scriborc
841 3963 890 3994 non
906 3952 1045 4006 potuimus.
1056 3976 1081 3986 -
1094 3954 1118 3997 tr.
1133 3953 1200 4007 Luc,
1213 3955 1268 3999 Pnd.

202 4023 414 4066 nimietatem-
434 4023 449 4066 i.
474 4023 539 4065 Paris
557 4022 739 4065 miraculorum
760 4023 957 4066 inuititudincrn.
977 4045 1003 4056 -
1021 4023 1041 4077 j.
1064 4023 1112 4068 tue
1136 4025 1269 4069 ‘metitum

202 4095 346 4148 tenendi·-
365 4094 387 4137 iz.
405 4094 457 4136 Alc.
475 4094 522 4144 ¹286,
536 4094 601 4144 tue..
617 4093 682 4145 Pia,
701 4094 768 4137 Paris
785 4095 934 4138 necessario.
954 4116 980 4127 -
998 4094 1014 4138 t.
1033 4094 1075 4138 r·-

204 4187 231 4198 -
246 4176 280 4209 m.
293 4165 351 4209 Luc.
362 4166 450 4209 tabeat
465 4165 490 4207 iu
507 4165 555 4208 trac
572 4166 671 4208 deuotio
690 4164 802 4219 fidetium
822 4165 982 4220 quibustibet.
997 4187 1024 4200 -

202 4237 277 4281 tione.
