2934 4822
386 383 416 428 s.
443 382 587 430 anroun
611 382 772 429 nassum
798 380 1088 428 «rememsis»
1202 360 1266 433 217

202 532 350 612 quantas
376 522 471 589 verbi
501 521 656 589 seminet
684 519 925 612 perlustrando
954 530 1122 588 terrarum
1151 530 1267 609 partes

202 628 406 718 impleverit,
438 639 587 720 quotque
626 628 796 696 solemnes
828 638 1018 695 conventus
1051 626 1181 694 ordinis
1214 625 1267 692 sui

201 734 360 824 legend0,
392 734 624 826 disputandot
657 745 690 802 et
724 735 983 803 sermocinando
1016 733 1264 810 venustaverit,

201 852 273 908 turn
293 842 364 908 zelo
384 843 460 910 fidei
483 852 516 910 et
537 841 660 910 salutis
679 841 868 910 animarum
889 842 1021 909 fervore
1043 841 1178 914 ductus,
1195 851 1266 907 turn

202 947 363 1016 edocendi
402 949 525 1016 iratres
563 973 677 1017 amore
714 959 920 1040 pertractus,
955 960 1027 1016 turn
1065 947 1265 1039 religionem

203 1079 313 1135 suam,
344 1065 424 1124 tunc
452 1056 615 1146 temporis
649 1080 689 1123 ex
717 1055 888 1146 imperitia
916 1055 1132 1145 vilipensam,
1159 1053 1266 1121 bono·

202 1162 324 1229 randi⁶
346 1161 517 1230 desiderio
536 1173 570 1232 et
589 1163 711 1231 ardore
730 1173 918 1254 permotus.

246 1271 279 1336 2.
307 1268 480 1360 Siquidem
511 1269 584 1360 ipse
618 1269 748 1360 primus
780 1269 842 1338 suit
875 1270 981 1337 lector
1005 1268 1040 1336 in
1068 1268 1187 1335 ordine
1207 1267 1265 1358 qui

201 1375 300 1454 rexit,
329 1386 362 1443 et
387 1375 449 1443 boc
472 1377 562 1466 apud
584 1375 771 1443 Bononiam
790 1376 825 1443 in
845 1375 1066 1466 theologicad
1088 1375 1262 1453 facultate,

200 1482 279 1571 quia
299 1482 385 1549 citra
413 1494 545 1550 montes
576 1482 622 1550 ibi
644 1483 787 1550 llorebat
814 1481 957 1572 potioris
986 1482 1207 1560 excellentiae,
1230 1481 1264 1548 in

201 1588 332 1655 cunctis
361 1588 560 1656 liberalibus
588 1588 826 1656 modernorum
847 1589 1013 1667 scientiis,
1035 1587 1153 1656 eodem
1179 1599 1265 1655 tem-

199 1717 293 1784 pore,
317 1695 489 1774 studium;
512 1707 547 1763 et
567 1695 679 1762 visum
701 1696 763 1763 suit
782 1695 959 1775 iratribus,
977 1694 1117 1785 majoris
1144 1705 1265 1785 utputa

202 1800 425 1877 sufficientiae,
452 1802 576 1869 ibidem
602 1802 787 1869 Antonium
809 1803 988 1870 instituere
1013 1825 1074 1892 pro
1100 1802 1261 1869 lectorel.

242 1911 275 1976 3.
304 1911 342 1974 ln
372 1908 547 1997 provincia
575 1909 676 1976 etiam
709 1909 916 1977 Romaniolae
946 1909 1089 1975 fratrum
1113 1908 1264 1974 ministe-

200 2014 299 2089 rium,
331 2014 429 2081 annis
454 2014 621 2104 pluribus,
651 2015 868 2083 laudabiliter
897 2015 1025 2095 rexit‘23
1054 2026 1100 2096 et,
1126 2015 1204 2082 licet
1228 2014 1262 2081 in

198 2120 304 2188 verbo
331 2131 365 2187 et
392 2121 546 2188 doctrina
567 2145 685 2189 omnes
706 2123 805 2213 quasi
826 2147 886 2212 per
914 2123 1046 2191 ltaliam
1072 2146 1152 2189 vere
1173 2144 1262 2188 mor-

199 2227 287 2294 tales
321 2228 590 2306 transcenderet,
625 2229 659 2294 in
691 2229 901 2319 praelationis
936 2240 1049 2297 tamen
1083 2228 1191 2295 officio
1224 2252 1262 2295 se

200 2334 374 2422 praebebat
396 2333 535 2402 mirilico
556 2335 746 2425 gratiosum
756 2339 780 2403 ³.

223 2571 245 2600 a.
261 2557 333 2600 Tarte
351 2558 378 2600 rie
401 2560 464 2601 nobe
485 2558 529 2602 bis.
550 2562 643 2613 qrranta
667 2559 736 2603 uerbi
755 2560 862 2604 semina.
882 2583 908 2592 -
928 2559 950 2603 b.
964 2559 1035 2603 Terta
1049 2560 1219 2615 ducentarum.
1236 2582 1263 2592 -

198 2642 219 2673 c,
235 2629 307 2672 Teste
321 2630 476 2673 honorando.
490 2653 515 2661 -
532 2631 556 2673 d,
570 2631 642 2674 Terre
658 2631 799 2679 catholica:
813 2643 841 2674 cn
859 2644 944 2687 merge,
957 2635 980 2674 et
994 2631 1059 2674 ri'une
1077 2641 1139 2674 autre
1159 2631 1260 2679 scritura.

196 2712 283 2743 nonime
296 2701 435 2744 correction:
451 2701 597 2755 llrcolopicn.

199 2815 409 2829 —

227 2891 249 2937 1.
269 2888 345 2938 Nous
364 2902 450 2937 avons
467 2887 537 2949 dtis,
556 2889 572 2938 a
589 2890 729 2954 plusieurs
743 2891 872 2955 reprises,
896 2891 1002 2954 signate
1017 2905 1051 2941 en
1072 2891 1134 2956 quei
1154 2905 1218 2942 sens
1235 2895 1262 2943 et

197 2982 264 3018 arec
287 2967 393 3032 quoties
422 2970 593 3020 restrictione
617 2984 652 3019 on
679 2973 745 3034 pant
768 2973 896 3035 accepter
916 2974 989 3022 cette
1010 2974 1156 3022 assertion.
1182 2974 1262 3023 Satnt

197 3049 324 3107 Antoine,
339 3049 379 3097 s'it
392 3050 431 3098 tut
446 3051 582 3099 rraiment
596 3050 697 3101 ier-leur
709 3065 744 3101 cn
762 3051 909 3114 theologie,
925 3053 1082 3115 n'ensetgna
1092 3055 1193 3112 jamais
1207 3066 1261 3118 que

197 3128 267 3177 dans
291 3129 439 3179 t'inttrteur
454 3129 503 3178 des
519 3134 659 3181 convenis.
675 3157 705 3168 -
722 3132 815 3181 l‘ierre
836 3131 985 3194 itaymond,
1005 3132 1076 3182 dans
1091 3147 1122 3182 sa
1147 3132 1260 3195 tegenda

197 3208 250 3269 (etl.
266 3209 342 3267 tosa,
356 3223 382 3273 p.
394 3212 444 3271 ut),
463 3211 539 3259 avait
557 3210 619 3271 deii
635 3210 675 3260 ‹ttt
688 3226 754 3260 sans
774 3211 923 3263 indication
945 3212 980 3262 dc
1004 3212 1078 3263 lieu:
1099 3212 1209 3264 Primus
1231 3214 1261 3264 in

197 3289 293 3338 ordine
305 3288 425 3338 (tortoris
440 3290 602 3340 scholastici
615 3291 871 3353 exercuitollicium.

228 3374 251 3416 1.
272 3369 309 3418 La
326 3370 442 3433 tegenda
455 3370 546 3434 prima
563 3372 606 3430 (V.
620 3384 723 3435 supra:
741 3372 804 3436 teg.
813 3374 915 3437 primu,
933 3376 972 3432 ii,
988 3385 1016 3422 n·
1031 3377 1055 3437 2)
1078 3375 1126 3424 isit
1140 3374 1259 3425 allusion

197 3447 253 3496 aia
266 3450 368 3511 rtrarge
393 3449 426 3498 de
445 3450 568 3500 ministre
586 3454 698 3502 exerces
715 3465 766 3515 par
783 3453 808 3503 io
823 3454 905 3513 saint,
922 3455 991 3503 mats
1009 3468 1075 3503 sans
1090 3455 1218 3518 designer
1233 3455 1260 3504 ia

197 3529 326 3590 province
342 3531 464 3578 :solutus
476 3531 510 3578 ub
526 3531 769 3582 criministrntione
781 3533 911 3596 [rutrum.
935 3534 1028 3584 Pierre
1049 3534 1189 3596 ltaymond
1203 3540 1258 3600 (ap.

195 3609 271 3663 tosa,
288 3623 313 3672 p.
327 3611 367 3670 92)
383 3609 432 3668 dit,
444 3609 478 3659 dc
496 3624 546 3659 son
562 3611 826 3676 coic21rrsrutram
846 3614 979 3678 regimine
992 3615 1097 3678 pluries
1113 3615 1259 3666 laboravit.

196 3687 352 3738 llndrtitr'ou
371 3689 382 3738 l
398 3690 436 3751 (n·
450 3694 474 3752 tr)
490 3689 525 3740 du
548 3690 598 3740 tis.
613 3692 647 3741 de
670 3691 794 3743 Lucerne
814 3696 909 3758 porta:
926 3694 1058 3745 Fratrum
1076 3695 1260 3745 ministerium

195 3768 277 3817 (inuis
286 3770 414 3832 pilaribus
424 3771 517 3832 suerat
531 3776 685 3822 exseratur.

226 3854 249 3896 3.
271 3849 306 3898 Le
322 3850 497 3913 paragrapho
524 3851 663 3915 Siquidem
685 3853 743 3916 ipsc
768 3853 905 3917 primus...
923 3854 1066 3905 instituere
1085 3869 1137 3920 pro
1161 3856 1260 3905 tectore

195 3931 223 3976 ct
236 3928 262 3976 la
278 3929 378 3991 phrase
391 3934 416 3978 11
432 3930 495 3979 tirel
510 3931 538 3981 in
555 3932 634 3980 rrrtro
652 3936 678 3982 11
690 3933 849 3983 doctrino...
866 3933 981 3996 mirilico
997 3936 1155 3999 gratiosum
1170 3949 1200 3986 se
1216 3949 1259 3986 re·

196 4010 322 4057 trouvent
346 4010 552 4060 textuetlement
574 4011 643 4060 cirins
668 4011 811 4064 i'arldition
829 4014 839 4063 1
854 4014 904 4075 (11⁸⁸
917 4018 931 4063 s
946 4018 971 4064 ct
986 4016 1011 4073 b)
1028 4014 1063 4064 du
1080 4015 1129 4064 ills.
1151 4015 1184 4066 de
1206 4016 1260 4067 Lu·

196 4102 276 4137 corne
291 4090 306 4137 a
324 4090 349 4137 ta
365 4090 479 4153 tegenda
495 4091 595 4154 primu.
