2934 4822
310 369 377 436 252
451 388 515 434 ees
539 388 695 436 sotacus
720 389 763 434 nu
789 368 988 435 u'nrsrome
1012 388 1237 435 aarosrnass

309 538 342 595 et
356 538 515 617 rogatus,
535 527 599 595 ivit
624 531 796 595 Veronam
821 539 855 595 et
878 528 963 596 fudit
983 552 1102 619 preces
1122 529 1289 619 plurimas
1307 554 1385 597 ree·

309 634 442 702 toribus
457 633 683 719 lombardiae,
706 636 870 724 potestati
885 646 920 702 et
945 634 1082 702 domino
1102 636 1261 702 Eccelino
1287 637 1384 703 suis·

308 764 375 832 que
395 740 601 808 consiliariis
617 739 658 808 de
678 744 829 818 Verona,
851 752 886 807 ut
907 742 1064 809 comitem
1084 754 1116 809 et
1137 742 1267 808 amieos
1286 743 1380 832 ejus,

308 871 396 938 quos
416 847 580 915 tenebant
600 859 720 938 captos
740 847 775 914 in
801 847 1019 921 Lombardia.
1040 848 1082 914 de
1102 848 1299 915 carceribus
1326 874 1381 916 re·

309 955 477 1021 laxarent.
506 953 574 1023 Sed
594 954 677 1021 nihil
698 978 831 1045 preces,
851 956 954 1021 etiam
975 955 1005 1021 si
1032 955 1102 1022 sint
1116 956 1234 1044 justae.
1256 956 1379 1022 fructi·

309 1062 413 1129 ticant
442 1061 500 1129 uhi
528 1061 641 1128 nullus
676 1073 729 1129 est
758 1062 978 1129 ramunculus
1008 1062 1174 1129 caritatis.
1210 1064 1249 1129 ln
1283 1063 1379 1130 nullo

309 1192 454 1259 namque
474 1168 610 1259 penitus
630 1167 824 1253 exauditus,
851 1193 1035 1260 regressus
1056 1168 1218 1249 Paduam,
1239 1169 1274 1235 in
1294 1193 1379 1236 con·

308 1274 527 1365 temptatione
547 1275 678 1342 eunetis
694 1274 824 1343 Christi
844 1274 1002 1342 fidelibus
1027 1275 1225 1351 reverenda.
1247 1275 1281 1342 in
1301 1276 1379 1343 loeo

308 1381 408 1472 quasi
437 1380 587 1458 deserto,
621 1382 730 1448 voluit
760 1382 884 1449 ducere
911 1383 1017 1450 vitam
1050 1405 1160 1449 suam.
1187 1385 1245 1457 Et,
1273 1406 1379 1450 cons·

307 1498 420 1555 trueta
452 1487 517 1554 sibi
547 1487 695 1579 quadam
728 1487 938 1556 habitatione
965 1488 1169 1580 paupercula
1197 1511 1303 1579 prope
1333 1489 1377 1555 ad

305 1594 423 1661 villam
444 1593 485 1661 de
513 1596 644 1685 Campo
668 1595 777 1662 sancti
806 1595 897 1662 Petri
933 1595 1104 1662 Paduanee
1130 1594 1316 1680 dioecesis,
1342 1595 1377 1662 in

307 1701 430 1769 arbore
462 1699 610 1791 quadam
638 1724 787 1776 ramosa.
816 1725 901 1769 nuce
921 1702 1092 1778 videlieet,
1122 1701 1177 1768 die
1202 1713 1375 1792 noctuque

305 1810 499 1899 regyrans¹
537 1819 638 1875 vetus
676 1818 920 1875 testamentum
959 1820 993 1876 et
1036 1832 1179 1885 norum,
1222 1809 1378 1875 scribere

304 1913 450 2003 parabat
483 1913 581 1980 utilia
610 1913 673 1980 toti
705 1914 829 2004 populo
862 1913 1063 1982 christiano.
1096 1914 1310 2004 Scripsitquc
1343 1925 1378 1981 et

239 2055 245 2068 ·
304 2020 391 2088 vixit
410 2031 447 2087 ut
467 2020 593 2111 legitur
613 2021 647 2086 in
670 2020 816 2110 tegenda
836 2021 959 2111 ipsius.

351 2126 418 2195 Sed
451 2137 595 2194 vocatus
624 2138 678 2194 est
704 2126 826 2195 beatus
860 2127 926 2194 iste
953 2128 1129 2195 consessor
1154 2127 1198 2194 ad
1223 2127 1376 2217 patriam

306 2233 478 2301 meliorem
503 2245 538 2301 et
558 2233 645 2300 situs
666 2234 700 2300 in
725 2233 843 2301 ordine
868 2235 1102 2325 angelorum,
1124 2258 1213 2301 anno
1236 2234 1377 2300 Domini

307 2341 539 2418 MCCXXXI,
574 2339 628 2406 die
664 2343 748 2406 Χ111
777 2340 927 2408 intrante
956 2341 1075 2431 junio;
1112 2341 1208 2430 cujus
1247 2363 1378 2431 eorpus

305 2447 574 2524 sanctissimum,
610 2447 816 2514 translatum
849 2448 1033 2515 honorifice
1060 2449 1094 2515 in
1133 2470 1249 2514 arcam
1280 2471 1379 2514 mar-

305 2577 455 2620 moream
492 2553 533 2620 de
561 2553 704 2620 eeclesia
743 2578 818 2643 qua·
858 2566 931 2622 erat
967 2557 1092 2621 Sancta
1124 2553 1234 2620 staria
1263 2564 1379 2621 mater

307 2661 455 2747 Domini,
490 2660 649 2750 usquein
684 2659 883 2727 hodiernum
910 2660 999 2727 diem
1031 2660 1215 2750 requiescit
1233 2659 1268 2726 in
1299 2659 1378 2728 loeo

306 2791 444 2834 suorum
465 2768 621 2834 fratrum.
649 2768 881 2834 Canonizatus
904 2779 1030 2841 autem,
1052 2767 1169 2857 dignis
1189 2767 1325 2834 meritis
1342 2780 1379 2835 et

305 2874 455 2964 expertis
472 2897 533 2964 per
552 2884 708 2941 sanctam
729 2878 916 2941 Romanam
933 2874 1122 2956 eeclesiam,
1140 2875 1228 2940 idem
1249 2872 1378 2941 heatus

305 2981 475 3048 Antonius
509 2980 688 3048 intercedit
717 2981 901 3048 salubriter
937 3005 998 3071 pro
1032 2983 1164 3049 eunctis
1196 2979 1374 3055 fidelibus,

305 3086 513 3178 prodestque
538 3099 571 3154 et
592 3087 713 3177 prosit,
736 3087 824 3153 omni
852 3097 1016 3177 tempore,
1038 3089 1162 3178 populo
1192 3086 1375 3171 l‘aduano‚

305 3195 401 3284 cujus
418 3206 471 3262 est
486 3218 566 3284 spes
582 3205 614 3260 ct
631 3193 765 3280 tiducia,
777 3203 869 3261 tutor
885 3204 917 3261 et
933 3195 1102 3284 refugium
1118 3206 1151 3261 et
1166 3197 1373 3284 patronus3.

386 3471 426 3524 10·
444 3475 479 3524 et
496 3470 536 3523 ll·
551 3471 688 3523 Thomas
705 3470 745 3523 de
762 3470 880 3523 Gelono
898 3472 932 3522 et
948 3470 1033 3523 saint
1048 3471 1290 3524 Beneventano.

333 3687 454 3736 'l'tromas
470 3684 504 3735 de
517 3685 622 3736 Celano
635 3699 668 3734 no
681 3685 758 3749 parte
774 3684 807 3734 de
825 3686 898 3735 saint
912 3686 1031 3735 Antoino
1048 3686 1111 3748 qu'ai
1124 3699 1228 3750 propos
1243 3684 1277 3736 dc
1291 3685 1377 3751 l'cpi·

301 3767 369 3817 sode
385 3766 421 3816 du
435 3767 560 3830 ctrapttre
575 3765 692 3826 d'ttrtes,
708 3766 774 3830 qu'tt
791 3768 876 3816 rotate
890 3780 923 3816 en
938 3780 984 3816 ces
1001 3769 1118 3815 termes:

303 3918 516 3930 --

333 4028 350 4070 1,
366 4027 506 4081 impuratus,
517 4026 663 4068 c'est-tr-‹tire
677 4027 814 4078 resoluens,
827 4027 921 4069 relisum
933 4036 954 4069 et
968 4025 1075 4068 mortitam
1089 4037 1142 4068 sarus
1154 4037 1226 4067 cesse.
1238 4047 1265 4057 -
1278 4023 1315 4069 Ct.
1331 4026 1374 4073 Dr:

305 4098 401 4149 Canen,
415 4097 579 4147 Glossarium,
593 4108 644 4148 etc,
658 4102 673 4141 t.
686 4098 715 4147 V,
728 4111 748 4152 p.
760 4098 806 4141 titt.

330 4172 350 4213 ·.'.
367 4171 411 4219 tte,
425 4168 547 4224 peut-sure,
561 4168 626 4211 citus
640 4169 664 4211 in
679 4169 792 4212 ordinem
808 4169 965 4222 anqetornm.

330 4246 349 4285 ³.
367 4240 690 4292 11011111180,(3111011111).
706 4239 754 4293 111,
765 4253 814 4295 cup.
826 4240 853 4293 V,
865 4253 900 4295 up.
915 4240 1059 4288 Menatem.
1073 4249 1089 4284 t.
1101 4239 1174 4287 t'111,
1183 4240 1226 4283 cot.
1235 4240 1275 4285 ‘202‘
1287 4250 1310 4283 ct
1319 4242 1373 4287 2¹03.
