<?xml version="1.0" encoding="UTF-8"?>
<!DOCTYPE html PUBLIC "-//W3C//DTD XHTML 1.0 Transitional//EN"
    "http://www.w3.org/TR/xhtml1/DTD/xhtml1-transitional.dtd">
<html xmlns="http://www.w3.org/1999/xhtml" xml:lang="en" lang="en">
 <head>
  <title>
</title>
<meta http-equiv="Content-Type" content="text/html;charset=utf-8" />
  <meta name='ocr-system' content='tesseract 3.04.00' />
  <meta name='ocr-capabilities' content='ocr_page ocr_carea ocr_par ocr_line ocrx_word'/>
</head>
<body>
  <div class='ocr_page' id='page_1' title='image "./sanctiantoniide00kervgoog_0064.png"; bbox 0 0 2934 4822; ppageno 0'>
   <div class='ocr_carea' id='block_1_1' title="bbox 445 339 1262 418">
    <p class='ocr_par' dir='ltr' id='par_1_1' title="bbox 445 339 1262 418">
     <span class='ocr_line' id='line_1_1' title="bbox 445 339 1262 418; baseline 0.002 -14"><span class='ocrx_word' id='word_1_1' title='bbox 445 360 475 406; x_wconf 90' lang='lat' dir='ltr'>s.</span> <span class='ocrx_word' id='word_1_2' title='bbox 502 358 646 406; x_wconf 74' lang='lat' dir='ltr'>nuroun</span> <span class='ocrx_word' id='word_1_3' title='bbox 671 358 831 405; x_wconf 69' lang='lat' dir='ltr'>cresunt</span> <span class='ocrx_word' id='word_1_4' title='bbox 857 358 976 418; x_wconf 69' lang='lat' dir='ltr'>rarus,</span> <span class='ocrx_word' id='word_1_5' title='bbox 1002 339 1024 406; x_wconf 89' lang='lat'>9</span> <span class='ocrx_word' id='word_1_6' title='bbox 1220 339 1262 406; x_wconf 79' lang='lat'>41</span> 
     </span>
    </p>
   </div>
   <div class='ocr_carea' id='block_1_2' title="bbox 196 498 1264 2405">
    <p class='ocr_par' dir='ltr' id='par_1_2' title="bbox 196 498 1264 1763">
     <span class='ocr_line' id='line_1_2' title="bbox 197 498 1263 588; baseline -0.002 -20"><span class='ocrx_word' id='word_1_7' title='bbox 197 500 324 568; x_wconf 78' lang='lat' dir='ltr'>civitas</span> <span class='ocrx_word' id='word_1_8' title='bbox 361 499 540 567; x_wconf 79' lang='lat' dir='ltr'>abscondi</span> <span class='ocrx_word' id='word_1_9' title='bbox 567 510 863 588; x_wconf 65' lang='lat' dir='ltr'>superstmoneem</span> <span class='ocrx_word' id='word_1_10' title='bbox 897 498 1055 588; x_wconf 59' lang='lat' dir='ltr'>pentat</span> <span class='ocrx_word' id='word_1_11' title='bbox 1084 521 1150 565; x_wconf 91' lang='lat' dir='ltr'>non</span> <span class='ocrx_word' id='word_1_12' title='bbox 1184 507 1263 588; x_wconf 90' lang='lat' dir='ltr'>post</span> 
     </span>
     <span class='ocr_line' id='line_1_3' title="bbox 198 604 1263 696; baseline -0.002 -23"><span class='ocrx_word' id='word_1_13' title='bbox 198 605 492 696; x_wconf 69' lang='lat' dir='ltr'>multoltempore</span> <span class='ocrx_word' id='word_1_14' title='bbox 512 605 624 673; x_wconf 91' lang='lat' dir='ltr'>delata</span> <span class='ocrx_word' id='word_1_15' title='bbox 645 604 688 672; x_wconf 90' lang='lat' dir='ltr'>ad</span> <span class='ocrx_word' id='word_1_16' title='bbox 708 605 901 672; x_wconf 91' lang='lat' dir='ltr'>ministrum</span> <span class='ocrx_word' id='word_1_17' title='bbox 921 628 1037 671; x_wconf 91' lang='lat' dir='ltr'>corum</span> <span class='ocrx_word' id='word_1_18' title='bbox 1063 628 1138 695; x_wconf 74' lang='lat' dir='ltr'>quae</span> <span class='ocrx_word' id='word_1_19' title='bbox 1154 605 1263 672; x_wconf 90' lang='lat' dir='ltr'>eonti-</span> 
     </span>
     <span class='ocr_line' id='line_1_4' title="bbox 199 710 1264 804; baseline -0.002 -24"><span class='ocrx_word' id='word_1_20' title='bbox 199 723 322 804; x_wconf 81' lang='lat' dir='ltr'>gerant</span> <span class='ocrx_word' id='word_1_21' title='bbox 337 712 511 796; x_wconf 71' lang='lat' dir='ltr'>relatione,</span> <span class='ocrx_word' id='word_1_22' title='bbox 530 711 720 801; x_wconf 88' lang='lat' dir='ltr'>interrupto</span> <span class='ocrx_word' id='word_1_23' title='bbox 733 711 858 802; x_wconf 87' lang='lat' dir='ltr'>quietis</span> <span class='ocrx_word' id='word_1_24' title='bbox 875 711 1022 789; x_wconf 88' lang='lat' dir='ltr'>silentio,</span> <span class='ocrx_word' id='word_1_25' title='bbox 1036 710 1079 778; x_wconf 93' lang='lat' dir='ltr'>ad</span> <span class='ocrx_word' id='word_1_26' title='bbox 1092 711 1264 801; x_wconf 89' lang='lat' dir='ltr'>publicum</span> 
     </span>
     <span class='ocr_line' id='line_1_5' title="bbox 198 817 1264 909; baseline 0 -25"><span class='ocrx_word' id='word_1_27' title='bbox 198 819 315 886; x_wconf 87' lang='lat' dir='ltr'>venire</span> <span class='ocrx_word' id='word_1_28' title='bbox 348 818 544 909; x_wconf 85' lang='lat' dir='ltr'>compulsus</span> <span class='ocrx_word' id='word_1_29' title='bbox 570 828 623 884; x_wconf 86' lang='lat' dir='ltr'>est</span> <span class='ocrx_word' id='word_1_30' title='bbox 655 817 836 885; x_wconf 75' lang='lat' dir='ltr'>Antonine.</span> <span class='ocrx_word' id='word_1_31' title='bbox 864 821 896 884; x_wconf 89' lang='lat'>2.</span> <span class='ocrx_word' id='word_1_32' title='bbox 932 817 1087 907; x_wconf 88' lang='lat' dir='ltr'>lnjuneto</span> <span class='ocrx_word' id='word_1_33' title='bbox 1119 841 1264 908; x_wconf 89' lang='lat' dir='ltr'>namque</span> 
     </span>
     <span class='ocr_line' id='line_1_6' title="bbox 199 923 1263 1016; baseline -0.002 -23"><span class='ocrx_word' id='word_1_34' title='bbox 199 926 265 993; x_wconf 90' lang='lat' dir='ltr'>sibi</span> <span class='ocrx_word' id='word_1_35' title='bbox 284 925 538 1016; x_wconf 70' lang='lat' dir='ltr'>praedicationis</span> <span class='ocrx_word' id='word_1_36' title='bbox 559 924 679 1004; x_wconf 89' lang='lat' dir='ltr'>ollieio,</span> <span class='ocrx_word' id='word_1_37' title='bbox 702 924 806 990; x_wconf 85' lang='lat' dir='ltr'>eremi</span> <span class='ocrx_word' id='word_1_38' title='bbox 827 924 936 992; x_wconf 91' lang='lat' dir='ltr'>cultor</span> <span class='ocrx_word' id='word_1_39' title='bbox 955 923 1121 991; x_wconf 83' lang='lat' dir='ltr'>emittitur</span> <span class='ocrx_word' id='word_1_40' title='bbox 1144 934 1203 991; x_wconf 83' lang='lat' dir='ltr'>et⁶</span> <span class='ocrx_word' id='word_1_41' title='bbox 1219 924 1263 991; x_wconf 91' lang='lat' dir='ltr'>ad</span> 
     </span>
     <span class='ocr_line' id='line_1_7' title="bbox 199 1030 1260 1123; baseline -0.001 -24"><span class='ocrx_word' id='word_1_42' title='bbox 199 1032 503 1123; x_wconf 90' lang='lat' dir='ltr'>evangelizandum</span> <span class='ocrx_word' id='word_1_43' title='bbox 531 1031 592 1098; x_wconf 87' lang='lat' dir='ltr'>Dei</span> <span class='ocrx_word' id='word_1_44' title='bbox 615 1031 760 1121; x_wconf 85' lang='lat' dir='ltr'>gloriam</span> <span class='ocrx_word' id='word_1_45' title='bbox 781 1031 839 1098; x_wconf 93' lang='lat' dir='ltr'>diu</span> <span class='ocrx_word' id='word_1_46' title='bbox 865 1031 982 1098; x_wconf 90' lang='lat' dir='ltr'>clausu</span> <span class='ocrx_word' id='word_1_47' title='bbox 1001 1054 1062 1097; x_wconf 90' lang='lat' dir='ltr'>ora</span> <span class='ocrx_word' id='word_1_48' title='bbox 1090 1030 1260 1098; x_wconf 79' lang='lat' dir='ltr'>laxantur.</span> 
     </span>
     <span class='ocr_line' id='line_1_8' title="bbox 198 1136 1262 1228; baseline -0.006 -19"><span class='ocrx_word' id='word_1_49' title='bbox 198 1144 230 1209; x_wconf 88' lang='grc'>3.</span> <span class='ocrx_word' id='word_1_50' title='bbox 266 1138 438 1207; x_wconf 85' lang='lat' dir='ltr'>Mittcntis</span> <span class='ocrx_word' id='word_1_51' title='bbox 466 1138 601 1228; x_wconf 64' lang='lat' dir='ltr'>igiturd</span> <span class='ocrx_word' id='word_1_52' title='bbox 629 1137 832 1204; x_wconf 89' lang='lat' dir='ltr'>auctoritate</span> <span class='ocrx_word' id='word_1_53' title='bbox 862 1137 1035 1216; x_wconf 87' lang='lat' dir='ltr'>sullultus,</span> <span class='ocrx_word' id='word_1_54' title='bbox 1066 1136 1100 1203; x_wconf 92' lang='lat' dir='ltr'>in</span> <span class='ocrx_word' id='word_1_55' title='bbox 1130 1147 1262 1204; x_wconf 90' lang='lat' dir='ltr'>tantum</span> 
     </span>
     <span class='ocr_line' id='line_1_9' title="bbox 198 1243 1262 1337; baseline -0.002 -24"><span class='ocrx_word' id='word_1_56' title='bbox 198 1245 454 1337; x_wconf 74' lang='lat' dir='ltr'>praedicationis</span> <span class='ocrx_word' id='word_1_57' title='bbox 475 1258 587 1335; x_wconf 73' lang='lat' dir='ltr'>opus⁶</span> <span class='ocrx_word' id='word_1_58' title='bbox 608 1244 742 1334; x_wconf 87' lang='lat' dir='ltr'>explere</span> <span class='ocrx_word' id='word_1_59' title='bbox 763 1243 895 1312; x_wconf 86' lang='lat' dir='ltr'>studuit</span> <span class='ocrx_word' id='word_1_60' title='bbox 913 1255 951 1312; x_wconf 90' lang='lat' dir='ltr'>ut</span> <span class='ocrx_word' id='word_1_61' title='bbox 971 1267 1092 1312; x_wconf 86' lang='lat' dir='ltr'>nomen</span> <span class='ocrx_word' id='word_1_62' title='bbox 1112 1267 1262 1334; x_wconf 86' lang='lat' dir='ltr'>cvange-</span> 
     </span>
     <span class='ocr_line' id='line_1_10' title="bbox 197 1351 1264 1443; baseline -0.001 -24"><span class='ocrx_word' id='word_1_63' title='bbox 197 1352 285 1419; x_wconf 82' lang='lat' dir='ltr'>listae</span> <span class='ocrx_word' id='word_1_64' title='bbox 322 1352 530 1443; x_wconf 85' lang='lat' dir='ltr'>gestorums</span> <span class='ocrx_word' id='word_1_65' title='bbox 568 1351 771 1418; x_wconf 86' lang='lat' dir='ltr'>strenuitate</span> <span class='ocrx_word' id='word_1_66' title='bbox 801 1361 1050 1442; x_wconf 82' lang='lat' dir='ltr'>compensaret.</span> <span class='ocrx_word' id='word_1_67' title='bbox 1086 1351 1264 1419; x_wconf 86' lang='lat' dir='ltr'>Circuibat</span> 
     </span>
     <span class='ocr_line' id='line_1_11' title="bbox 197 1457 1264 1549; baseline -0.001 -23"><span class='ocrx_word' id='word_1_68' title='bbox 197 1459 337 1549; x_wconf 85' lang='lat' dir='ltr'>proinde</span> <span class='ocrx_word' id='word_1_69' title='bbox 353 1458 512 1526; x_wconf 89' lang='lat' dir='ltr'>civitates</span> <span class='ocrx_word' id='word_1_70' title='bbox 533 1468 566 1527; x_wconf 93' lang='lat' dir='ltr'>et</span> <span class='ocrx_word' id='word_1_71' title='bbox 586 1470 737 1535; x_wconf 63' lang='lat' dir='ltr'>castras,</span> <span class='ocrx_word' id='word_1_72' title='bbox 756 1458 851 1525; x_wconf 89' lang='lat' dir='ltr'>vicos</span> <span class='ocrx_word' id='word_1_73' title='bbox 867 1468 969 1549; x_wconf 88' lang='lat' dir='ltr'>atque</span> <span class='ocrx_word' id='word_1_74' title='bbox 990 1457 1208 1549; x_wconf 85' lang='lat' dir='ltr'>campestria,</span> <span class='ocrx_word' id='word_1_75' title='bbox 1231 1467 1264 1525; x_wconf 89' lang='lat' dir='ltr'>ct</span> 
     </span>
     <span class='ocr_line' id='line_1_12' title="bbox 196 1563 1261 1645; baseline -0.001 -13"><span class='ocrx_word' id='word_1_76' title='bbox 196 1566 275 1633; x_wconf 77' lang='lat' dir='ltr'>vitre</span> <span class='ocrx_word' id='word_1_77' title='bbox 292 1565 422 1632; x_wconf 87' lang='lat' dir='ltr'>semina</span> <span class='ocrx_word' id='word_1_78' title='bbox 435 1565 462 1644; x_wconf 67' lang='lat' dir='ltr'>l,</span> <span class='ocrx_word' id='word_1_79' title='bbox 480 1565 568 1632; x_wconf 92' lang='lat' dir='ltr'>sieut</span> <span class='ocrx_word' id='word_1_80' title='bbox 585 1565 843 1632; x_wconf 88' lang='lat' dir='ltr'>allluentissime</span> <span class='ocrx_word' id='word_1_81' title='bbox 860 1563 908 1632; x_wconf 90' lang='lat' dir='ltr'>ita</span> <span class='ocrx_word' id='word_1_82' title='bbox 928 1575 961 1632; x_wconf 91' lang='lat' dir='ltr'>et</span> <span class='ocrx_word' id='word_1_83' title='bbox 979 1564 1231 1632; x_wconf 82' lang='lat' dir='ltr'>ferventissime</span> <span class='ocrx_word' id='word_1_84' title='bbox 1242 1564 1261 1645; x_wconf 61' lang='lat' dir='ltr'>l,</span> 
     </span>
     <span class='ocr_line' id='line_1_13' title="bbox 197 1671 580 1763; baseline -0.003 -23"><span class='ocrx_word' id='word_1_85' title='bbox 197 1674 329 1741; x_wconf 86' lang='lat' dir='ltr'>eunetis</span> <span class='ocrx_word' id='word_1_86' title='bbox 350 1672 539 1763; x_wconf 87' lang='lat' dir='ltr'>spargebat</span> <span class='ocrx_word' id='word_1_87' title='bbox 556 1671 580 1739; x_wconf 76' lang='lat' dir='ltr'>J&#39;.</span> 
     </span>
    </p>

    <p class='ocr_par' dir='ltr' id='par_1_3' title="bbox 197 1778 1264 2405">
     <span class='ocr_line' id='line_1_14' title="bbox 240 1778 1263 1847; baseline -0.003 0"><span class='ocrx_word' id='word_1_88' title='bbox 240 1784 273 1847; x_wconf 85' lang='lat'>4.</span> <span class='ocrx_word' id='word_1_89' title='bbox 306 1778 526 1846; x_wconf 89' lang='lat' dir='ltr'>Discurrente</span> <span class='ocrx_word' id='word_1_90' title='bbox 560 1789 673 1845; x_wconf 88' lang='lat' dir='ltr'>autem</span> <span class='ocrx_word' id='word_1_91' title='bbox 707 1801 746 1846; x_wconf 90' lang='lat' dir='ltr'>eo</span> <span class='ocrx_word' id='word_1_92' title='bbox 785 1789 818 1846; x_wconf 90' lang='lat' dir='ltr'>et</span> <span class='ocrx_word' id='word_1_93' title='bbox 856 1778 898 1846; x_wconf 92' lang='lat' dir='ltr'>ob</span> <span class='ocrx_word' id='word_1_94' title='bbox 932 1779 1121 1845; x_wconf 88' lang='lat' dir='ltr'>animarum</span> <span class='ocrx_word' id='word_1_95' title='bbox 1155 1778 1263 1845; x_wconf 82' lang='lat' dir='ltr'>zelum</span> 
     </span>
     <span class='ocr_line' id='line_1_15' title="bbox 198 1884 1264 1977; baseline 0 -25"><span class='ocrx_word' id='word_1_96' title='bbox 198 1886 347 1977; x_wconf 87' lang='lat' dir='ltr'>requiem</span> <span class='ocrx_word' id='word_1_97' title='bbox 368 1884 434 1952; x_wconf 90' lang='lat' dir='ltr'>sibi</span> <span class='ocrx_word' id='word_1_98' title='bbox 455 1908 597 1974; x_wconf 91' lang='lat' dir='ltr'>prorsus</span> <span class='ocrx_word' id='word_1_99' title='bbox 625 1895 786 1976; x_wconf 86' lang='lat' dir='ltr'>negante,</span> <span class='ocrx_word' id='word_1_100' title='bbox 815 1885 961 1975; x_wconf 87' lang='lat' dir='ltr'>contigit</span> <span class='ocrx_word' id='word_1_101' title='bbox 980 1909 1057 1952; x_wconf 90' lang='lat' dir='ltr'>eum</span> <span class='ocrx_word' id='word_1_102' title='bbox 1077 1885 1120 1952; x_wconf 89' lang='lat' dir='ltr'>ud</span> <span class='ocrx_word' id='word_1_103' title='bbox 1142 1885 1264 1953; x_wconf 90' lang='lat' dir='ltr'>civita·</span> 
     </span>
     <span class='ocr_line' id='line_1_16' title="bbox 198 1992 1263 2082; baseline -0.002 -21"><span class='ocrx_word' id='word_1_104' title='bbox 198 2003 265 2061; x_wconf 89' lang='lat' dir='ltr'>tem</span> <span class='ocrx_word' id='word_1_105' title='bbox 297 1992 576 2060; x_wconf 71' lang='lat' dir='ltr'>Ariminenseml</span> <span class='ocrx_word' id='word_1_106' title='bbox 608 1993 741 2060; x_wconf 87' lang='lat' dir='ltr'>coelitus</span> <span class='ocrx_word' id='word_1_107' title='bbox 771 1992 990 2082; x_wconf 85' lang='lat' dir='ltr'>applicuisse,</span> <span class='ocrx_word' id='word_1_108' title='bbox 1023 1992 1094 2068; x_wconf 92' lang='lat' dir='ltr'>ubi,</span> <span class='ocrx_word' id='word_1_109' title='bbox 1127 1994 1263 2082; x_wconf 71' lang='lat' dir='ltr'>quuml</span> 
     </span>
     <span class='ocr_line' id='line_1_17' title="bbox 197 2099 1263 2189; baseline -0.001 -22"><span class='ocrx_word' id='word_1_110' title='bbox 197 2100 322 2167; x_wconf 90' lang='lat' dir='ltr'>multos</span> <span class='ocrx_word' id='word_1_111' title='bbox 351 2099 512 2167; x_wconf 64' lang='lat' dir='ltr'>haeretica</span> <span class='ocrx_word' id='word_1_112' title='bbox 546 2109 700 2166; x_wconf 87' lang='lat' dir='ltr'>cerneret</span> <span class='ocrx_word' id='word_1_113' title='bbox 726 2099 897 2189; x_wconf 90' lang='lat' dir='ltr'>pravitate</span> <span class='ocrx_word' id='word_1_114' title='bbox 935 2099 1106 2178; x_wconf 73' lang='lat' dir='ltr'>delus0s2‚</span> <span class='ocrx_word' id='word_1_115' title='bbox 1137 2122 1263 2166; x_wconf 92' lang='lat' dir='ltr'>convo·</span> 
     </span>
     <span class='ocr_line' id='line_1_18' title="bbox 198 2206 1263 2296; baseline -0.002 -21"><span class='ocrx_word' id='word_1_116' title='bbox 198 2218 273 2275; x_wconf 84' lang='lat' dir='ltr'>cato</span> <span class='ocrx_word' id='word_1_117' title='bbox 302 2231 378 2273; x_wconf 87' lang='lat' dir='ltr'>mox</span> <span class='ocrx_word' id='word_1_118' title='bbox 407 2207 511 2274; x_wconf 90' lang='lat' dir='ltr'>totius</span> <span class='ocrx_word' id='word_1_119' title='bbox 542 2206 692 2274; x_wconf 86' lang='lat' dir='ltr'>civitatis</span> <span class='ocrx_word' id='word_1_120' title='bbox 722 2206 859 2296; x_wconf 90' lang='lat' dir='ltr'>populo,</span> <span class='ocrx_word' id='word_1_121' title='bbox 893 2206 927 2272; x_wconf 90' lang='lat' dir='ltr'>in</span> <span class='ocrx_word' id='word_1_122' title='bbox 959 2206 1091 2273; x_wconf 78' lang='lat' dir='ltr'>fervore</span> <span class='ocrx_word' id='word_1_123' title='bbox 1121 2206 1263 2295; x_wconf 90' lang='lat' dir='ltr'>spiritus</span> 
     </span>
     <span class='ocr_line' id='line_1_19' title="bbox 197 2313 1264 2405; baseline 0.001 -25"><span class='ocrx_word' id='word_1_124' title='bbox 197 2314 384 2405; x_wconf 66' lang='lat' dir='ltr'>praedicare</span> <span class='ocrx_word' id='word_1_125' title='bbox 413 2315 527 2405; x_wconf 88' lang='lat' dir='ltr'>coepit,</span> <span class='ocrx_word' id='word_1_126' title='bbox 570 2324 615 2393; x_wconf 88' lang='lat' dir='ltr'>et,</span> <span class='ocrx_word' id='word_1_127' title='bbox 653 2313 1036 2404; x_wconf 73' lang='lat' dir='ltr'>quimphilosophorum</span> <span class='ocrx_word' id='word_1_128' title='bbox 1066 2313 1264 2381; x_wconf 78' lang='lat' dir='ltr'>n0n²¹novit</span> 
     </span>
    </p>
   </div>
   <div class='ocr_carea' id='block_1_3' title="bbox 194 2419 1264 3045">
    <p class='ocr_par' dir='ltr' id='par_1_4' title="bbox 194 2419 1264 3045">
     <span class='ocr_line' id='line_1_20' title="bbox 196 2419 1263 2512; baseline -0.003 -23"><span class='ocrx_word' id='word_1_129' title='bbox 196 2422 353 2512; x_wconf 87' lang='lat' dir='ltr'>argutias</span> <span class='ocrx_word' id='word_1_130' title='bbox 367 2435 394 2499; x_wconf 87' lang='lat'>⁰,</span> <span class='ocrx_word' id='word_1_131' title='bbox 416 2431 554 2488; x_wconf 88' lang='lat' dir='ltr'>versuta</span> <span class='ocrx_word' id='word_1_132' title='bbox 577 2420 812 2487; x_wconf 68' lang='lat' dir='ltr'>haereticorum</span> <span class='ocrx_word' id='word_1_133' title='bbox 834 2420 997 2511; x_wconf 87' lang='lat' dir='ltr'>dogmata</span> <span class='ocrx_word' id='word_1_134' title='bbox 1037 2444 1096 2487; x_wconf 84' lang='lat' dir='ltr'>soe</span> <span class='ocrx_word' id='word_1_135' title='bbox 1116 2419 1263 2487; x_wconf 84' lang='lat' dir='ltr'>lucidius</span> 
     </span>
     <span class='ocr_line' id='line_1_21' title="bbox 196 2526 1264 2616; baseline -0.003 -20"><span class='ocrx_word' id='word_1_136' title='bbox 196 2528 398 2596; x_wconf 77' lang='lat' dir='ltr'>confutavit.</span> <span class='ocrx_word' id='word_1_137' title='bbox 418 2533 449 2596; x_wconf 91' lang='lat'>5.</span> <span class='ocrx_word' id='word_1_138' title='bbox 474 2531 523 2595; x_wconf 89' lang='lat' dir='ltr'>lta</span> <span class='ocrx_word' id='word_1_139' title='bbox 546 2526 705 2593; x_wconf 57' lang='lat' dir='ltr'>demum?</span> <span class='ocrx_word' id='word_1_140' title='bbox 722 2527 864 2594; x_wconf 83' lang='lat' dir='ltr'>verbum</span> <span class='ocrx_word' id='word_1_141' title='bbox 879 2527 1019 2595; x_wconf 90' lang='lat' dir='ltr'>virtutis</span> <span class='ocrx_word' id='word_1_142' title='bbox 1035 2527 1109 2616; x_wconf 87' lang='lat' dir='ltr'>ejus</span> <span class='ocrx_word' id='word_1_143' title='bbox 1130 2537 1163 2593; x_wconf 91' lang='lat' dir='ltr'>et</span> <span class='ocrx_word' id='word_1_144' title='bbox 1183 2528 1264 2594; x_wconf 92' lang='lat' dir='ltr'>doc-</span> 
     </span>
     <span class='ocr_line' id='line_1_22' title="bbox 194 2632 1262 2713; baseline -0.001 -11"><span class='ocrx_word' id='word_1_145' title='bbox 194 2636 285 2703; x_wconf 88' lang='lat' dir='ltr'>trina</span> <span class='ocrx_word' id='word_1_146' title='bbox 302 2635 466 2702; x_wconf 88' lang='lat' dir='ltr'>salutaris</span> <span class='ocrx_word' id='word_1_147' title='bbox 490 2634 525 2700; x_wconf 92' lang='lat' dir='ltr'>in</span> <span class='ocrx_word' id='word_1_148' title='bbox 549 2633 710 2700; x_wconf 86' lang='lat' dir='ltr'>cordibus</span> <span class='ocrx_word' id='word_1_149' title='bbox 737 2632 946 2700; x_wconf 87' lang='lat' dir='ltr'>audientium</span> <span class='ocrx_word' id='word_1_150' title='bbox 967 2633 1100 2700; x_wconf 88' lang='lat' dir='ltr'>radices</span> <span class='ocrx_word' id='word_1_151' title='bbox 1121 2633 1193 2700; x_wconf 83' lang='lat' dir='ltr'>fixit</span> <span class='ocrx_word' id='word_1_152' title='bbox 1212 2644 1262 2713; x_wconf 86' lang='lat' dir='ltr'>ut,</span> 
     </span>
     <span class='ocr_line' id='line_1_23' title="bbox 194 2740 1263 2830; baseline -0.002 -20"><span class='ocrx_word' id='word_1_153' title='bbox 194 2743 369 2810; x_wconf 86' lang='lat' dir='ltr'>eliminata</span> <span class='ocrx_word' id='word_1_154' title='bbox 389 2741 516 2808; x_wconf 90' lang='lat' dir='ltr'>erroris</span> <span class='ocrx_word' id='word_1_155' title='bbox 537 2740 716 2830; x_wconf 89' lang='lat' dir='ltr'>spurcitia,</span> <span class='ocrx_word' id='word_1_156' title='bbox 734 2764 800 2806; x_wconf 92' lang='lat' dir='ltr'>non</span> <span class='ocrx_word' id='word_1_157' title='bbox 816 2764 922 2830; x_wconf 86' lang='lat' dir='ltr'>parva</span> <span class='ocrx_word' id='word_1_158' title='bbox 936 2740 1147 2808; x_wconf 87' lang='lat' dir='ltr'>credentium</span> <span class='ocrx_word' id='word_1_159' title='bbox 1162 2741 1263 2808; x_wconf 88' lang='lat' dir='ltr'>turba</span> 
     </span>
     <span class='ocr_line' id='line_1_24' title="bbox 197 2847 1263 2937; baseline -0.004 -19"><span class='ocrx_word' id='word_1_160' title='bbox 197 2849 341 2918; x_wconf 91' lang='lat' dir='ltr'>Domino</span> <span class='ocrx_word' id='word_1_161' title='bbox 357 2848 502 2916; x_wconf 83' lang='lat' dir='ltr'>fideliter</span> <span class='ocrx_word' id='word_1_162' title='bbox 517 2847 720 2914; x_wconf 82' lang='lat' dir='ltr'>adlurrcret.</span> <span class='ocrx_word' id='word_1_163' title='bbox 742 2850 774 2915; x_wconf 84' lang='lat'>6.</span> <span class='ocrx_word' id='word_1_164' title='bbox 799 2850 837 2914; x_wconf 96' lang='lat' dir='ltr'>ln</span> <span class='ocrx_word' id='word_1_165' title='bbox 857 2847 980 2937; x_wconf 89' lang='lat' dir='ltr'>quibus</span> <span class='ocrx_word' id='word_1_166' title='bbox 998 2847 1263 2914; x_wconf 72' lang='lat' dir='ltr'>haeresiarcham</span> 
     </span>
     <span class='ocr_line' id='line_1_25' title="bbox 194 2954 1264 3045; baseline -0.002 -21"><span class='ocrx_word' id='word_1_167' title='bbox 194 2981 298 3024; x_wconf 92' lang='lat' dir='ltr'>unum</span> <span class='ocrx_word' id='word_1_168' title='bbox 311 2968 339 3035; x_wconf 67' lang='lat' dir='ltr'>t,</span> <span class='ocrx_word' id='word_1_169' title='bbox 367 2955 564 3023; x_wconf 69' lang='lat' dir='ltr'>Bonillumr</span> <span class='ocrx_word' id='word_1_170' title='bbox 585 2954 756 3033; x_wconf 77' lang='lat' dir='ltr'>nomine³‚</span> <span class='ocrx_word' id='word_1_171' title='bbox 783 2954 826 3021; x_wconf 93' lang='lat' dir='ltr'>ab</span> <span class='ocrx_word' id='word_1_172' title='bbox 851 2954 951 3021; x_wconf 89' lang='lat' dir='ltr'>annis</span> <span class='ocrx_word' id='word_1_173' title='bbox 975 2954 1120 3045; x_wconf 86' lang='lat' dir='ltr'>triginta</span> <span class='ocrx_word' id='word_1_174' title='bbox 1150 2979 1264 3022; x_wconf 86' lang='lat' dir='ltr'>errore</span> 
     </span>
    </p>
   </div>
   <div class='ocr_carea' id='block_1_4' title="bbox 196 3142 1265 3696">
    <p class='ocr_par' dir='ltr' id='par_1_5' title="bbox 196 3142 1265 3696">
     <span class='ocr_line' id='line_1_26' title="bbox 223 3142 1263 3200; baseline -0.003 -11"><span class='ocrx_word' id='word_1_175' title='bbox 223 3158 244 3189; x_wconf 85' lang='lat' dir='ltr'>a.</span> <span class='ocrx_word' id='word_1_176' title='bbox 262 3145 328 3188; x_wconf 75' lang='lat' dir='ltr'>Paris</span> <span class='ocrx_word' id='word_1_177' title='bbox 342 3156 429 3200; x_wconf 84' lang='lat' dir='ltr'>supra.</span> <span class='ocrx_word' id='word_1_178' title='bbox 444 3166 470 3176; x_wconf 93' lang='lat'>-</span> <span class='ocrx_word' id='word_1_179' title='bbox 483 3144 504 3188; x_wconf 87' lang='lat' dir='ltr'>b.</span> <span class='ocrx_word' id='word_1_180' title='bbox 521 3143 588 3186; x_wconf 83' lang='lat' dir='ltr'>Paris</span> <span class='ocrx_word' id='word_1_181' title='bbox 607 3144 688 3186; x_wconf 82' lang='lat' dir='ltr'>mullo</span> <span class='ocrx_word' id='word_1_182' title='bbox 704 3145 769 3198; x_wconf 85' lang='lat' dir='ltr'>post.</span> <span class='ocrx_word' id='word_1_183' title='bbox 784 3166 810 3175; x_wconf 96' lang='lat'>-</span> <span class='ocrx_word' id='word_1_184' title='bbox 824 3155 845 3186; x_wconf 84' lang='lat' dir='ltr'>c.</span> <span class='ocrx_word' id='word_1_185' title='bbox 862 3142 929 3186; x_wconf 82' lang='lat' dir='ltr'>Paris</span> <span class='ocrx_word' id='word_1_186' title='bbox 943 3155 988 3186; x_wconf 89' lang='lat' dir='ltr'>om.</span> <span class='ocrx_word' id='word_1_187' title='bbox 1001 3146 1032 3186; x_wconf 87' lang='lat' dir='ltr'>et.</span> <span class='ocrx_word' id='word_1_188' title='bbox 1048 3166 1073 3174; x_wconf 95' lang='lat'><em>-</em></span> <span class='ocrx_word' id='word_1_189' title='bbox 1097 3143 1121 3187; x_wconf 88' lang='lat' dir='ltr'>d.</span> <span class='ocrx_word' id='word_1_190' title='bbox 1139 3143 1206 3186; x_wconf 81' lang='lat' dir='ltr'>Paris</span> <span class='ocrx_word' id='word_1_191' title='bbox 1218 3144 1263 3186; x_wconf 90' lang='lat' dir='ltr'>om&#39;</span> 
     </span>
     <span class='ocr_line' id='line_1_27' title="bbox 198 3213 1264 3273; baseline -0.006 -12"><span class='ocrx_word' id='word_1_192' title='bbox 198 3220 282 3273; x_wconf 72' lang='lat' dir='ltr'>igitur.</span> <span class='ocrx_word' id='word_1_193' title='bbox 299 3240 325 3247; x_wconf 99' lang='lat'><em>-</em></span> <span class='ocrx_word' id='word_1_194' title='bbox 343 3228 364 3259; x_wconf 90' lang='lat' dir='ltr'>e.</span> <span class='ocrx_word' id='word_1_195' title='bbox 382 3215 447 3259; x_wconf 81' lang='lat' dir='ltr'>Paris</span> <span class='ocrx_word' id='word_1_196' title='bbox 459 3214 581 3268; x_wconf 72' lang='lat' dir='ltr'>offirr&#39;um.</span> <span class='ocrx_word' id='word_1_197' title='bbox 601 3237 627 3246; x_wconf 96' lang='lat'>-</span> <span class='ocrx_word' id='word_1_198' title='bbox 649 3214 666 3269; x_wconf 77' lang='lat' dir='ltr'>s.</span> <span class='ocrx_word' id='word_1_199' title='bbox 688 3215 740 3257; x_wconf 82' lang='lat' dir='ltr'>Alc.</span> <span class='ocrx_word' id='word_1_200' title='bbox 754 3215 793 3258; x_wconf 74' lang='lat'>293</span> <span class='ocrx_word' id='word_1_201' title='bbox 807 3217 936 3257; x_wconf 80' lang='lat' dir='ltr'>testarum.</span> <span class='ocrx_word' id='word_1_202' title='bbox 953 3236 980 3246; x_wconf 97' lang='lat'>-</span> <span class='ocrx_word' id='word_1_203' title='bbox 1003 3227 1026 3266; x_wconf 73' lang='lat' dir='ltr'>p,</span> <span class='ocrx_word' id='word_1_204' title='bbox 1044 3213 1101 3258; x_wconf 87' lang='lat' dir='ltr'>Luc.</span> <span class='ocrx_word' id='word_1_205' title='bbox 1115 3213 1225 3259; x_wconf 85' lang='lat' dir='ltr'>castella.</span> <span class='ocrx_word' id='word_1_206' title='bbox 1238 3237 1264 3246; x_wconf 98' lang='lat'>-</span> 
     </span>
     <span class='ocr_line' id='line_1_28' title="bbox 196 3285 1263 3340; baseline -0.005 -7"><span class='ocrx_word' id='word_1_207' title='bbox 196 3291 219 3334; x_wconf 79' lang='lat' dir='ltr'>tr.</span> <span class='ocrx_word' id='word_1_208' title='bbox 236 3288 302 3332; x_wconf 81' lang='lat' dir='ltr'>Puris</span> <span class='ocrx_word' id='word_1_209' title='bbox 318 3287 401 3330; x_wconf 78' lang='lat' dir='ltr'>tournit</span> <span class='ocrx_word' id='word_1_210' title='bbox 416 3296 474 3329; x_wconf 80' lang='lat' dir='ltr'>cette</span> <span class='ocrx_word' id='word_1_211' title='bbox 487 3287 619 3340; x_wconf 80' lang='lat' dir='ltr'>expression</span> <span class='ocrx_word' id='word_1_212' title='bbox 627 3285 734 3336; x_wconf 77' lang='lat' dir='ltr'>ceruina,</span> <span class='ocrx_word' id='word_1_213' title='bbox 749 3287 824 3340; x_wconf 70' lang='lat' dir='ltr'>quale</span> <span class='ocrx_word' id='word_1_214' title='bbox 838 3285 949 3340; x_wconf 66' lang='lat' dir='ltr'>pretereat</span> <span class='ocrx_word' id='word_1_215' title='bbox 963 3286 1020 3328; x_wconf 82' lang='lat' dir='ltr'>celle</span> <span class='ocrx_word' id='word_1_216' title='bbox 1039 3286 1066 3327; x_wconf 85' lang='lat' dir='ltr'>de</span> <span class='ocrx_word' id='word_1_217' title='bbox 1087 3285 1263 3335; x_wconf 79' lang='lat' dir='ltr'>scrrrtrrnrium,</span> 
     </span>
     <span class='ocr_line' id='line_1_29' title="bbox 197 3356 1263 3412; baseline -0.002 -10"><span class='ocrx_word' id='word_1_218' title='bbox 197 3360 283 3402; x_wconf 72' lang='lat' dir='ltr'>donate</span> <span class='ocrx_word' id='word_1_219' title='bbox 301 3372 340 3412; x_wconf 78' lang='lat' dir='ltr'>par</span> <span class='ocrx_word' id='word_1_220' title='bbox 352 3360 387 3401; x_wconf 82' lang='lat' dir='ltr'>tes</span> <span class='ocrx_word' id='word_1_221' title='bbox 401 3367 477 3399; x_wconf 66' lang='lat' dir='ltr'>arrius</span> <span class='ocrx_word' id='word_1_222' title='bbox 490 3370 544 3400; x_wconf 76' lang='lat' dir='ltr'>mss.</span> <span class='ocrx_word' id='word_1_223' title='bbox 560 3380 585 3388; x_wconf 94' lang='lat'>-</span> <span class='ocrx_word' id='word_1_224' title='bbox 600 3357 615 3399; x_wconf 76' lang='grc' dir='ltr'>ι’.</span> <span class='ocrx_word' id='word_1_225' title='bbox 633 3356 689 3400; x_wconf 79' lang='lat' dir='ltr'>Luc.</span> <span class='ocrx_word' id='word_1_226' title='bbox 705 3356 767 3399; x_wconf 77' lang='lat' dir='ltr'>satis</span> <span class='ocrx_word' id='word_1_227' title='bbox 780 3356 975 3410; x_wconf 68' lang='lat' dir='ltr'>affirmatissime</span> <span class='ocrx_word' id='word_1_228' title='bbox 987 3357 1093 3400; x_wconf 77' lang='lat' dir='ltr'>cunctis.</span> <span class='ocrx_word' id='word_1_229' title='bbox 1109 3356 1161 3400; x_wconf 81' lang='lat' dir='ltr'>Alc.</span> <span class='ocrx_word' id='word_1_230' title='bbox 1177 3357 1216 3401; x_wconf 72' lang='lat'>‘293</span> <span class='ocrx_word' id='word_1_231' title='bbox 1226 3356 1263 3400; x_wconf 83' lang='lat' dir='ltr'>sie</span> 
     </span>
     <span class='ocr_line' id='line_1_30' title="bbox 197 3426 1265 3486; baseline -0.004 -12"><span class='ocrx_word' id='word_1_232' title='bbox 197 3429 392 3486; x_wconf 69' lang='lat' dir='ltr'>affluentissime</span> <span class='ocrx_word' id='word_1_233' title='bbox 402 3428 509 3472; x_wconf 76' lang='lat' dir='ltr'>cunctis.</span> <span class='ocrx_word' id='word_1_234' title='bbox 520 3427 572 3480; x_wconf 81' lang='lat' dir='ltr'>-j.</span> <span class='ocrx_word' id='word_1_235' title='bbox 583 3427 649 3470; x_wconf 83' lang='lat' dir='ltr'>Paris</span> <span class='ocrx_word' id='word_1_236' title='bbox 659 3427 797 3482; x_wconf 75' lang='lat' dir='ltr'>aperpcbat.</span> <span class='ocrx_word' id='word_1_237' title='bbox 811 3449 837 3458; x_wconf 99' lang='lat'>-</span> <span class='ocrx_word' id='word_1_238' title='bbox 852 3427 875 3470; x_wconf 75' lang='lat' dir='ltr'>a.</span> <span class='ocrx_word' id='word_1_239' title='bbox 893 3427 957 3476; x_wconf 74' lang='lat' dir='ltr'>Luc,</span> <span class='ocrx_word' id='word_1_240' title='bbox 972 3427 1027 3470; x_wconf 73' lang='lat' dir='ltr'>Part.</span> <span class='ocrx_word' id='word_1_241' title='bbox 1048 3426 1229 3472; x_wconf 78' lang='lat' dir='ltr'>lttrur&#39;nenseru.</span> <span class='ocrx_word' id='word_1_242' title='bbox 1238 3451 1265 3460; x_wconf 94' lang='lat'>-</span> 
     </span>
     <span class='ocr_line' id='line_1_31' title="bbox 197 3498 1263 3554; baseline -0.004 -9"><span class='ocrx_word' id='word_1_243' title='bbox 197 3503 212 3546; x_wconf 75' lang='lat' dir='ltr'>l,</span> <span class='ocrx_word' id='word_1_244' title='bbox 228 3503 280 3545; x_wconf 82' lang='lat' dir='ltr'>Alc.</span> <span class='ocrx_word' id='word_1_245' title='bbox 295 3502 393 3545; x_wconf 69' lang='lat' dir='ltr'>ltdom.</span> <span class='ocrx_word' id='word_1_246' title='bbox 409 3511 496 3554; x_wconf 81' lang='lat' dir='ltr'>quum.</span> <span class='ocrx_word' id='word_1_247' title='bbox 515 3522 540 3530; x_wconf 94' lang='lat'>-</span> <span class='ocrx_word' id='word_1_248' title='bbox 556 3510 589 3541; x_wconf 90' lang='lat' dir='ltr'>m.</span> <span class='ocrx_word' id='word_1_249' title='bbox 605 3498 656 3541; x_wconf 80' lang='lat' dir='ltr'>Alc.</span> <span class='ocrx_word' id='word_1_250' title='bbox 674 3498 864 3542; x_wconf 58' lang='lat' dir='ltr'>mesalum</span> <span class='ocrx_word' id='word_1_251' title='bbox 881 3502 904 3541; x_wconf 83' lang='lat' dir='ltr'>et</span> <span class='ocrx_word' id='word_1_252' title='bbox 924 3499 991 3553; x_wconf 79' lang='lat' dir='ltr'>qula.</span> <span class='ocrx_word' id='word_1_253' title='bbox 1012 3521 1037 3531; x_wconf 94' lang='lat'>-</span> <span class='ocrx_word' id='word_1_254' title='bbox 1052 3511 1076 3542; x_wconf 90' lang='lat' dir='ltr'>n.</span> <span class='ocrx_word' id='word_1_255' title='bbox 1094 3500 1144 3543; x_wconf 76' lang='lat' dir='ltr'>Alc,</span> <span class='ocrx_word' id='word_1_256' title='bbox 1160 3501 1200 3545; x_wconf 78' lang='lat'>286</span> <span class='ocrx_word' id='word_1_257' title='bbox 1219 3511 1263 3542; x_wconf 90' lang='lat' dir='ltr'>om.</span> 
     </span>
     <span class='ocr_line' id='line_1_32' title="bbox 196 3569 1263 3624; baseline -0.001 -9"><span class='ocrx_word' id='word_1_258' title='bbox 196 3586 253 3618; x_wconf 89' lang='lat' dir='ltr'>non.</span> <span class='ocrx_word' id='word_1_259' title='bbox 271 3596 297 3605; x_wconf 96' lang='lat'>-</span> <span class='ocrx_word' id='word_1_260' title='bbox 316 3586 338 3616; x_wconf 88' lang='lat'>0.</span> <span class='ocrx_word' id='word_1_261' title='bbox 354 3572 421 3615; x_wconf 77' lang='lat' dir='ltr'>Paris</span> <span class='ocrx_word' id='word_1_262' title='bbox 442 3573 600 3623; x_wconf 69' lang='lat' dir='ltr'>arqumenm.</span> <span class='ocrx_word' id='word_1_263' title='bbox 615 3593 641 3601; x_wconf 95' lang='lat'><em>-</em></span> <span class='ocrx_word' id='word_1_264' title='bbox 661 3581 686 3624; x_wconf 86' lang='grc' dir='ltr'>ρ,</span> <span class='ocrx_word' id='word_1_265' title='bbox 705 3569 772 3612; x_wconf 82' lang='lat' dir='ltr'>Paris</span> <span class='ocrx_word' id='word_1_266' title='bbox 791 3570 890 3613; x_wconf 67' lang='lat' dir='ltr'>detrudo.</span> <span class='ocrx_word' id='word_1_267' title='bbox 914 3593 941 3603; x_wconf 89' lang='lat'><em>-</em></span> <span class='ocrx_word' id='word_1_268' title='bbox 960 3581 983 3624; x_wconf 86' lang='lat' dir='ltr'>q.</span> <span class='ocrx_word' id='word_1_269' title='bbox 999 3571 1051 3614; x_wconf 82' lang='lat' dir='ltr'>Ale.</span> <span class='ocrx_word' id='word_1_270' title='bbox 1066 3572 1106 3615; x_wconf 71' lang='lat'>‘286</span> <span class='ocrx_word' id='word_1_271' title='bbox 1124 3571 1217 3615; x_wconf 81' lang='lat' dir='ltr'>rlrrrm.</span> <span class='ocrx_word' id='word_1_272' title='bbox 1237 3595 1263 3602; x_wconf 99' lang='lat'><em>-</em></span> 
     </span>
     <span class='ocr_line' id='line_1_33' title="bbox 196 3641 1263 3696; baseline -0.006 -7"><span class='ocrx_word' id='word_1_273' title='bbox 196 3660 216 3690; x_wconf 88' lang='lat' dir='ltr'>r.</span> <span class='ocrx_word' id='word_1_274' title='bbox 229 3647 280 3690; x_wconf 83' lang='lat' dir='ltr'>Alc.</span> <span class='ocrx_word' id='word_1_275' title='bbox 295 3645 335 3689; x_wconf 58' lang='grc' dir='ltr'>ί283</span> <span class='ocrx_word' id='word_1_276' title='bbox 350 3653 372 3686; x_wconf 81' lang='lat' dir='ltr'>et</span> <span class='ocrx_word' id='word_1_277' title='bbox 384 3643 435 3686; x_wconf 76' lang='lat' dir='ltr'>Alc.</span> <span class='ocrx_word' id='word_1_278' title='bbox 449 3644 488 3686; x_wconf 68' lang='grc'>233</span> <span class='ocrx_word' id='word_1_279' title='bbox 503 3643 601 3684; x_wconf 88' lang='lat' dir='ltr'>donnem</span> <span class='ocrx_word' id='word_1_280' title='bbox 618 3651 675 3684; x_wconf 81' lang='lat' dir='ltr'>crue</span> <span class='ocrx_word' id='word_1_281' title='bbox 694 3641 765 3696; x_wconf 71' lang='lat' dir='ltr'>teron.</span> <span class='ocrx_word' id='word_1_282' title='bbox 780 3641 834 3685; x_wconf 80' lang='lat' dir='ltr'>Nat.</span> <span class='ocrx_word' id='word_1_283' title='bbox 851 3642 924 3693; x_wconf 70' lang='lat' dir='ltr'>itata,</span> <span class='ocrx_word' id='word_1_284' title='bbox 941 3641 1008 3694; x_wconf 69' lang='lat' dir='ltr'>Luc,</span> <span class='ocrx_word' id='word_1_285' title='bbox 1022 3642 1077 3687; x_wconf 78' lang='lat' dir='ltr'>Part.</span> <span class='ocrx_word' id='word_1_286' title='bbox 1090 3643 1263 3687; x_wconf 84' lang='lat' dir='ltr'>Bononittum.</span> 
     </span>
    </p>
   </div>
   <div class='ocr_carea' id='block_1_5' title="bbox 197 3807 1264 4264">
    <p class='ocr_par' dir='ltr' id='par_1_6' title="bbox 228 3807 477 3859">
     <span class='ocr_line' id='line_1_34' title="bbox 228 3807 477 3859; baseline -0.024 0"><span class='ocrx_word' id='word_1_287' title='bbox 228 3813 250 3859; x_wconf 83' lang='lat'>1.</span> <span class='ocrx_word' id='word_1_288' title='bbox 266 3810 373 3858; x_wconf 77' lang='lat' dir='ltr'>Mmu.</span> <span class='ocrx_word' id='word_1_289' title='bbox 390 3807 422 3855; x_wconf 90' lang='lat' dir='ltr'>V.</span> <span class='ocrx_word' id='word_1_290' title='bbox 440 3809 477 3854; x_wconf 79' lang='lat' dir='ltr'>tt.</span> 
     </span>
    </p>

    <p class='ocr_par' dir='ltr' id='par_1_7' title="bbox 198 3883 1264 4114">
     <span class='ocr_line' id='line_1_35' title="bbox 227 3883 1264 3954; baseline 0 -14"><span class='ocrx_word' id='word_1_291' title='bbox 227 3894 250 3939; x_wconf 79' lang='lat'>2.</span> <span class='ocrx_word' id='word_1_292' title='bbox 269 3890 322 3940; x_wconf 85' lang='lat' dir='ltr'>Ces</span> <span class='ocrx_word' id='word_1_293' title='bbox 339 3887 495 3950; x_wconf 78' lang='lat' dir='ltr'>liereliques</span> <span class='ocrx_word' id='word_1_294' title='bbox 511 3885 613 3934; x_wconf 78' lang='lat' dir='ltr'>etaient</span> <span class='ocrx_word' id='word_1_295' title='bbox 635 3883 675 3933; x_wconf 87' lang='lat' dir='ltr'>les</span> <span class='ocrx_word' id='word_1_296' title='bbox 688 3884 826 3934; x_wconf 83' lang='lat' dir='ltr'>Cathares</span> <span class='ocrx_word' id='word_1_297' title='bbox 837 3886 1029 3947; x_wconf 81' lang='lat' dir='ltr'>ou&#39;l‘atarins,</span> <span class='ocrx_word' id='word_1_298' title='bbox 1046 3891 1093 3954; x_wconf 84' lang='lat' dir='ltr'>qut</span> <span class='ocrx_word' id='word_1_299' title='bbox 1105 3889 1264 3941; x_wconf 81' lang='lat' dir='ltr'>intestaieot</span> 
     </span>
     <span class='ocr_line' id='line_1_36' title="bbox 198 3965 1263 4031; baseline 0.001 -11"><span class='ocrx_word' id='word_1_300' title='bbox 198 3970 222 4020; x_wconf 87' lang='lat' dir='ltr'>le</span> <span class='ocrx_word' id='word_1_301' title='bbox 238 3969 306 4018; x_wconf 89' lang='lat' dir='ltr'>nord</span> <span class='ocrx_word' id='word_1_302' title='bbox 323 3968 356 4017; x_wconf 87' lang='lat' dir='ltr'>de</span> <span class='ocrx_word' id='word_1_303' title='bbox 371 3965 469 4016; x_wconf 84' lang='lat' dir='ltr'>l&#39;ltulie</span> <span class='ocrx_word' id='word_1_304' title='bbox 483 3967 539 4027; x_wconf 82' lang='lat' dir='ltr'>ety</span> <span class='ocrx_word' id='word_1_305' title='bbox 556 3965 659 4013; x_wconf 78' lang='lat' dir='ltr'>etaient</span> <span class='ocrx_word' id='word_1_306' title='bbox 680 3967 738 4013; x_wconf 86' lang='lat' dir='ltr'>tout</span> <span class='ocrx_word' id='word_1_307' title='bbox 760 3967 911 4029; x_wconf 86' lang='lat' dir='ltr'>puissants.</span> <span class='ocrx_word' id='word_1_308' title='bbox 926 3994 957 4003; x_wconf 92' lang='lat'>—</span> <span class='ocrx_word' id='word_1_309' title='bbox 972 3967 1013 4017; x_wconf 86' lang='lat' dir='ltr'>Cl.</span> <span class='ocrx_word' id='word_1_310' title='bbox 1037 3969 1188 4031; x_wconf 75' lang='lat' dir='ltr'>Sanarrrn,</span> <span class='ocrx_word' id='word_1_311' title='bbox 1216 3971 1263 4022; x_wconf 81' lang='lat' dir='ltr'>l’r&#39;e</span> 
     </span>
     <span class='ocr_line' id='line_1_37' title="bbox 198 4047 605 4114; baseline -0.012 -15"><span class='ocrx_word' id='word_1_312' title='bbox 198 4051 231 4099; x_wconf 84' lang='lat' dir='ltr'>de</span> <span class='ocrx_word' id='word_1_313' title='bbox 243 4051 324 4101; x_wconf 76' lang='lat' dir='ltr'>Scin!</span> <span class='ocrx_word' id='word_1_314' title='bbox 336 4049 481 4114; x_wconf 60' lang='lat' dir='ltr'>Fronsor&#39;a</span> <span class='ocrx_word' id='word_1_315' title='bbox 497 4049 539 4097; x_wconf 77' lang='lat' dir='ltr'>cli.</span> <span class='ocrx_word' id='word_1_316' title='bbox 556 4047 605 4096; x_wconf 85' lang='grc' dir='ltr'><strong>ΙΙΙ.</strong></span> 
     </span>
    </p>

    <p class='ocr_par' dir='ltr' id='par_1_8' title="bbox 197 4131 1262 4264">
     <span class='ocr_line' id='line_1_38' title="bbox 228 4131 1262 4195; baseline 0.005 -15"><span class='ocrx_word' id='word_1_317' title='bbox 228 4136 251 4179; x_wconf 83' lang='grc'>3.</span> <span class='ocrx_word' id='word_1_318' title='bbox 262 4131 299 4180; x_wconf 87' lang='lat' dir='ltr'>Le</span> <span class='ocrx_word' id='word_1_319' title='bbox 308 4144 370 4179; x_wconf 92' lang='lat' dir='ltr'>nom</span> <span class='ocrx_word' id='word_1_320' title='bbox 383 4134 462 4181; x_wconf 88' lang='lat' dir='ltr'>exact</span> <span class='ocrx_word' id='word_1_321' title='bbox 474 4132 542 4181; x_wconf 87' lang='lat' dir='ltr'>u&#39;est</span> <span class='ocrx_word' id='word_1_322' title='bbox 553 4145 603 4195; x_wconf 88' lang='lat' dir='ltr'>pas</span> <span class='ocrx_word' id='word_1_323' title='bbox 614 4134 736 4195; x_wconf 82' lang='lat' dir='ltr'>certain3</span> <span class='ocrx_word' id='word_1_324' title='bbox 753 4133 771 4183; x_wconf 89' lang='lat' dir='ltr'>il</span> <span class='ocrx_word' id='word_1_325' title='bbox 784 4134 859 4183; x_wconf 83' lang='lat' dir='ltr'>varie</span> <span class='ocrx_word' id='word_1_326' title='bbox 872 4134 981 4183; x_wconf 80' lang='lat' dir='ltr'>suivant</span> <span class='ocrx_word' id='word_1_327' title='bbox 994 4133 1033 4184; x_wconf 88' lang='lat' dir='ltr'>les</span> <span class='ocrx_word' id='word_1_328' title='bbox 1046 4133 1110 4184; x_wconf 82' lang='lat' dir='ltr'>llss.</span> <span class='ocrx_word' id='word_1_329' title='bbox 1125 4133 1262 4185; x_wconf 74' lang='lat' dir='ltr'>Paul-etro</span> 
     </span>
     <span class='ocr_line' id='line_1_39' title="bbox 197 4211 461 4264; baseline 0.008 -4"><span class='ocrx_word' id='word_1_330' title='bbox 197 4212 312 4264; x_wconf 80' lang='lat' dir='ltr'>etait-ce</span> <span class='ocrx_word' id='word_1_331' title='bbox 327 4211 461 4264; x_wconf 74' lang='lat' dir='ltr'>donville.</span> 
     </span>
    </p>
   </div>
   <div class='ocr_carea' id='block_1_6' title="bbox 0 0 1472 4822">
    <p class='ocr_par' dir='ltr' id='par_1_9' title="bbox 0 0 1472 4822">
     <span class='ocr_line' id='line_1_40' title="bbox 0 0 1472 4822; baseline 0 0"><span class='ocrx_word' id='word_1_332' title='bbox 0 0 1472 4822; x_wconf 95' lang='lat' dir='ltr'> </span> 
     </span>
    </p>
   </div>
  </div>
 </body>
</html>
