2934 4822
379 395 409 441 s.
436 396 581 442 nuromr
606 396 767 442 nannum
794 402 809 438 «
836 396 1085 442 naurourras»
1200 377 1265 444 213

200 532 415 600 litteraliter¹
445 534 556 623 ipsum
583 534 675 625 loqui
703 535 894 612 audierant,
923 535 980 601 vix
1011 558 1113 625 quum
1148 558 1266 603 neees-

201 640 287 706 silas
308 641 482 730 coegisset
496 645 519 720 ‘·'‚
547 653 580 708 el
606 641 695 731 quod
716 666 754 708 ea
777 666 852 732 quae
873 642 915 708 ad
943 641 1087 709 officium
1110 652 1267 732 spectant

200 748 469 816 ecclesiasticum
494 748 682 838 peroptime
706 749 939 839 cognovisset.

717 1086 753 1182 13

247 1383 276 1446 1.
305 1379 457 1446 Tandem
484 1378 750 1446 elementissimo
777 1378 998 1468 dispensante
1022 1378 1180 1465 Domino,
1206 1379 1263 1471 qui

199 1509 238 1553 os
259 1496 427 1553 mulorum
456 1485 566 1575 aperit
581 1496 614 1552 et
633 1485 772 1575 linguas
798 1485 977 1552 infantium
1003 1485 1152 1553 diserlas
1168 1486 1261 1565 lacit,

199 1592 241 1658 ad
264 1595 339 1674 [145
359 1616 378 1659 a
399 1597 430 1674 2]
468 1593 579 1659 instar
603 1592 777 1681 prophetas
807 1592 906 1659 lsniae
939 1592 990 1658 cui
1021 1592 1147 1659 dietum
1182 1603 1260 1660 est:

200 1702 339 1781 Clanm,
360 1723 402 1766 ne
421 1723 559 1783 cesses;
585 1700 695 1787 quasi
723 1699 809 1766 tubo
825 1701 949 1766 exalta
972 1722 1085 1766 rocem
1116 1713 1215 1766 luam
1233 1713 1265 1766 el

198 1808 378 1873 narrantia
396 1808 533 1896 populo
554 1830 630 1883 meo
653 1807 789 1873 scelera
810 1829 930 1873 eorum
945 1807 970 1890 ⁴,
994 1805 1048 1873 hio
1073 1805 1135 1873 Dei
1159 1806 1263 1872 lamu-

199 1913 252 1979 lus
280 1913 449 1980 Antonius
475 1912 659 1980 salubriter
684 1936 704 1979 a
732 1911 876 1979 Domino
903 1911 1093 2002 delegatur.
1121 1915 1152 1979 2.
1182 1915 1263 1980 Pos-

199 2018 348 2104 modum‚
371 2019 459 2086 sicut
480 2018 573 2085 illum
593 1999 828 2108 evangelicum
849 2042 986 2084 servum
1005 2018 1261 2098 transmissum,

199 2126 281 2192 liora
309 2150 427 2210 coenae,
455 2125 566 2192 dicere
597 2124 752 2192 invitalis
785 2134 822 2191 ul
847 2124 1017 2210 venirent,
1044 2125 1124 2216 quia
1149 2124 1263 2192 omnia

199 2243 319 2322 pamla
353 2242 446 2317 sunt,
482 2232 531 2299 sio
564 2242 597 2299 et
630 2232 718 2299 hune
751 2255 887 2298 servum
927 2255 1026 2298 suum
1061 2233 1261 2318 Aulonium,

198 2339 356 2406 idoneum
381 2364 440 2428 per
461 2339 587 2424 omnin,
607 2339 679 2429 jam
706 2338 845 2416 dudum,
867 2348 904 2405 ul
925 2338 1134 2428 praedicitur,
1159 2340 1262 2408 culto-

199 2470 267 2513 rem
288 2446 510 2527 eremilieum,
531 2445 720 2513 consultius
740 2445 938 2512 destinavit.

242 2557 273 2620 3.
303 2557 443 2620 Demum
465 2553 507 2620 ad
527 2552 832 2642 evangelizandum
853 2553 906 2620 sui
929 2553 1077 2621 nominis
1102 2553 1261 2644 gloriam,

196 2660 290 2727 velut
310 2661 452 2727 allerum
470 2659 610 2726 Paulum
631 2659 688 2749 qui
708 2670 861 2750 portaret
895 2684 1017 2728 nomen
1047 2660 1121 2750 ejus
1148 2684 1262 2728 coram

197 2766 349 2856 praelatis
369 2778 403 2834 nt
429 2776 597 2833 terrarum
623 2767 834 2856 principibus
858 2777 892 2834 el
911 2767 1083 2834 universis
1112 2767 1260 2857 populis,

197 2873 286 2941 hune
319 2897 508 2963 prmconrm
537 2873 714 2940 mirificum
734 2874 921 2941 Antonium
945 2874 1139 2964 eleganlius
1160 2875 1261 2964 depu-

197 2981 296 3047 tavit.
315 2983 347 3047 4.
366 2981 395 3047 O
418 2990 545 3070 quanla
566 2989 619 3046 est
639 2980 730 3047 cirea
745 3004 807 3047 nos
823 2981 1027 3048 vermiculos
1043 2981 1262 3071 providentia

199 3088 260 3154 Dei
276 3087 405 3153 nostri!
425 3087 477 3153 nd
495 3087 581 3153 hanc
600 3086 725 3176 quippe
741 3111 884 3166 eoenam,
902 3098 939 3154 ιιι
959 3088 1117 3178 superius
1133 3097 1260 3155 tactum

198 3203 262 3274 est,
280 3194 388 3285 primo
410 3217 471 3261 nos
486 3194 621 3262 vocavit
640 3218 700 3283 per
715 3193 930 3283 patriarchas
951 3205 985 3262 el
999 3195 1184 3285 prophetas
1204 3220 1260 3262 an-

231 3439 252 3485 1.
270 3436 343 3486 Iluro
359 3437 535 3486 litteraliter:
560 3438 630 3487 cello
652 3437 813 3501 expression
832 3450 862 3486 se
883 3439 978 3486 trouve
1002 3437 1077 3487 aussl
1098 3436 1168 3487 dans
1191 3437 1261 3487 Jean

201 3516 328 3576 Rigauld,
345 3531 405 3580 cap.
423 3518 453 3572 ι’,
471 3517 514 3566 ed.
530 3517 565 3566 du
583 3516 613 3566 P.
627 3516 792 3576 Ferdlnand,
808 3532 835 3581 p.
849 3522 888 3575 38,
903 3517 973 3567 dans
985 3517 1011 3566 la
1030 3515 1090 3566 l'ila
1105 3521 1177 3567 nuel.
1194 3531 1262 3567 ono-

198 3609 278 3658 nymo
292 3596 393 3657 (lullen
407 3597 440 3645 de
455 3597 555 3660 spus),
572 3611 632 3660 cap.
650 3597 686 3656 ΙΙ,
702 3596 813 3647 atdans
829 3597 854 3646 le
874 3596 1011 3662 Dialogus
1024 3596 1057 3646 ιιι
1073 3596 1138 3647 ι·ιίιέ
1157 3601 1264 3646 sonrlo·

196 3689 256 3724 rum
270 3674 398 3726 Frolrum
414 3675 560 3736 Minorum,
575 3677 618 3726 td.
632 3677 786 3735 Lommons,
804 3692 830 3741 p.
842 3683 865 3726 6.

227 3760 250 3804 ι).
270 3756 348 3806 Collo
371 3756 490 3820 phrase:
510 3756 600 3820 *leque
627 3757 699 3806 enlm
720 3761 919 3822 pularernnl...
936 3757 1079 3822 coegisset
1100 3771 1130 3808 se
1157 3759 1262 3817 trouve,

197 3849 315 3899 presque
330 3836 544 3893 lexluellement,
561 3837 631 3886 dans
644 3838 669 3887 le
684 3838 830 3903 Dialogus,
846 3838 888 3886 td.
907 3837 1060 3896 Lernaeas,
1076 3852 1102 3902 p.
1117 3844 1140 3889 6,

228 3922 251 3965 3.
271 3916 309 3965 Co
326 3917 459 3974 traunrenl
477 3917 488 3965 1
511 3920 553 3966 est
574 3918 685 3981 indique
707 3931 813 3967 comme
826 3917 929 3967 devant
943 3920 1000 3967 olna
1019 3919 1173 3982 rapproclre
1189 3918 1223 3969 de
1236 3919 1261 3969 la

198 3996 233 4045 ssn
248 3995 283 4045 du
295 3997 419 4059 clmpilrr
434 3996 467 4044 do
480 3997 504 4044 la
516 3998 632 4061 legenda
646 3997 737 4062 prr'ma
746 4013 755 4046 :
771 3997 895 4063 Qunlr'ler
906 3998 1022 4048 srlenlio
1037 3999 1113 4048 illius
1125 4000 1262 4061 frutribus

198 4076 326 4126 innotuit.
342 4078 384 4137 (V.
401 4091 504 4139 supra:
531 4077 594 4142 Lrg.
609 4078 710 4141 primu,
736 4080 820 4138 alon
842 4077 878 4126 du
904 4077 988 4127 debut
1004 4078 1040 4128 du
1063 4079 1261 4143 chapllrerDe

195 4155 392 4222 praedicatione
404 4157 463 4204 elus
483 4171 531 4219 per
547 4158 742 4215 llomunlolnm,
760 4160 811 4208 elc.
824 4159 867 4220 (V.
883 4171 984 4222 supra:
1002 4158 1066 4223 Lag.
1077 4159 1179 4224 prima.
1194 4160 1229 4218 9).

228 4239 253 4287 l.
