2934 4822
447 389 637 435 annmrons
662 390 707 435 nu
732 388 791 436 us.
815 391 858 436 ns
884 385 1021 436 ennour.
1204 371 1264 438 131

610 782 788 843 Addition
809 781 857 842 1¹.

249 1075 279 1140 1.
308 1075 346 1140 lu
373 1072 583 1140 comitatuss
608 1072 734 1139 Padurn
760 1071 982 1152 monasteri0,
1008 1070 1099 1162 quod
1125 1081 1267 1139 sanctus

202 1179 304 1249 Vltus
328 1179 465 1260 dicitur,
487 1189 561 1247 erat
588 1178 745 1246 monialis
772 1178 941 1270 quaedam,
963 1177 1091 1269 Sophia
1117 1178 1264 1259 nomine,

201 1309 276 1376 quae
300 1287 473 1377 paralysis
497 1286 625 1368 morb0,
649 1286 769 1354 dextro
791 1310 832 1353 ex
855 1286 973 1369 latere,
998 1285 1129 1354 exstitit
1152 1285 1265 1353 disso-

201 1392 285 1472 luta,
301 1393 335 1459 in
346 1404 478 1460 tantum
489 1403 539 1473 ut,
555 1392 693 1484 singula
707 1416 850 1483 quaeque
862 1392 972 1483 ipsius
984 1392 1103 1459 lateris
1114 1392 1266 1460 membra

201 1498 304 1567 ductu
323 1500 467 1567 tremulo
482 1499 751 1579 circumducens,
764 1523 825 1567 nec
845 1509 961 1567 tenere
981 1509 1082 1589 caput
1101 1510 1263 1580 erectum,

201 1630 262 1673 nec
275 1631 377 1674 manu
393 1631 514 1697 capere
529 1607 653 1687 cibum,
666 1630 727 1674 nec
742 1606 777 1673 in
789 1615 928 1686 terram,
941 1606 985 1674 ab
996 1605 1132 1696 obliquo
1145 1606 1266 1674 decur-

200 1724 280 1780 vato
300 1713 462 1803 vestigia,
480 1714 598 1804 quibat
613 1715 718 1804 sigere
738 1712 835 1802 pedis
851 1736 1021 1804 gressum.
1040 1716 1072 1780 2.
1086 1716 1265 1804 Quumque

198 1819 300 1887 beato
315 1821 463 1887 Antonio
482 1831 600 1887 votum
610 1819 809 1910 suppliciter
824 1819 1018 1902 obtulisset,
1035 1819 1089 1887 die
1103 1820 1263 1910 quadam,

200 1926 303 1994 biduo
324 1936 404 1994 ante
423 1927 546 1994 lestum
562 1926 820 2016 Assumptionis
841 1926 1002 2017 gloriosae
1017 1927 1187 2018 Virginis,
1210 1951 1265 1995 co-

201 2056 273 2099 ram
302 2033 453 2124 imagine
480 2034 626 2124 quadam
646 2033 738 2101 beati
758 2033 899 2101 Antonii
928 2033 1181 2113 miserabiliter,
1204 2033 1265 2101 sed

199 2139 465 2224 lacrimabiliter,
498 2140 680 2208 decubanti
714 2140 835 2207 beatus
873 2140 938 2208 sibi
976 2150 1074 2230 pater
1106 2141 1266 2231 apparuit

200 2270 353 2336 eamque,
378 2258 457 2314 ante
480 2247 631 2337 praelatae
662 2247 870 2315 celebritatis
900 2258 1069 2326 octavam,
1095 2257 1263 2338 exoptatae

201 2354 361 2443 sospitati
395 2353 603 2420 reddendam
636 2354 706 2421 lore
734 2353 904 2444 praedixit.
936 2358 969 2423 3.
1000 2357 1084 2421 Post
1113 2354 1264 2422 triduum

199 2483 294 2537 vero,
325 2460 423 2548 juxta
457 2461 566 2551 patris
602 2461 712 2528 suncti
742 2461 960 2551 promissum,
996 2460 1087 2527 omni
1120 2485 1262 2552 prorsus

198 2567 318 2657 fugato
329 2568 401 2657 jam
422 2568 553 2649 morbn,
582 2568 729 2635 surrexit
757 2568 897 2635 sanitati
923 2567 1079 2658 pristinae
1103 2568 1262 2636 restituta

197 2673 232 2740 in
247 2674 430 2764 integrum.
448 2677 481 2742 4.
500 2677 792 2765 Consurgensque
807 2673 842 2740 in
857 2674 1057 2755 crastinum,
1076 2698 1174 2742 mane
1190 2675 1262 2743 dili·

198 2781 285 2860 culo,
300 2791 334 2847 et
350 2781 392 2848 ad
410 2782 588 2848 ecclesiam
605 2781 697 2849 beati
713 2781 854 2848 Antonii
874 2780 1029 2849 celeriter
1043 2805 1118 2849 cum
1133 2782 1262 2849 monia-

198 2888 279 2954 lium
313 2888 483 2978 aliquibus
511 2912 714 2978 properans,
745 2911 859 2955 coram
884 2888 999 2955 multis
1019 2888 1172 2978 ejusdem
1198 2889 1262 2956 loci

199 2995 374 3074 iratribus,
396 3007 523 3085 quauta
544 2996 610 3063 sibi
626 2996 790 3062 Dominus
806 3019 866 3085 per
882 3019 1019 3062 servum
1034 3019 1133 3062 suum
1153 2997 1262 3063 Anto·
1294 3033 1297 3039 ,

200 3102 291 3168 nium
308 3101 445 3181 lecerat,
468 3102 661 3169 laetabunda
677 3112 710 3169 et
735 3102 893 3180 laudans,
916 3126 975 3193 per
994 3102 1148 3169 ordinem
1163 3126 1263 3169 enar·

200 3208 300 3276 ravit.
319 3213 350 3276 5.
372 3209 480 3299 Hujus
501 3209 549 3276 rei
574 3220 681 3276 testes
702 3208 908 3276 exstiterunt
923 3208 987 3275 viri
1007 3208 1174 3298 religiosi,
1195 3206 1262 3273 fide

199 3314 308 3404 digni,
335 3316 586 3405 quamplurimi,
610 3316 667 3406 qui
687 3339 818 3396 omnes,
839 3315 974 3383 oculata
1002 3315 1068 3382 fide
1083 3324 1262 3382 cernentes

199 3422 284 3488 mira
300 3447 375 3513 quar
391 3447 451 3513 per
471 3447 607 3489 servum
629 3447 727 3490 suum
738 3423 923 3490 Antonium
940 3422 1105 3490 Dominus
1121 3423 1261 3506 lecerat,

199 3529 350 3618 ejusdem
367 3530 518 3619 gloriosa
534 3529 653 3596 merita
669 3529 862 3620 magnificis
876 3528 1014 3596 laudum
1030 3528 1154 3595 muniis
1169 3537 1261 3595 extu·

198 3635 321 3703 lerunt.

198 3776 412 3790 .-

225 3861 247 3891 a.
265 3849 336 3891 Terre
346 3850 374 3891 du
387 3849 431 3892 liis.
443 3850 572 3894 concitatu.

231 4059 252 4104 i.
271 4057 344 4104 linus
361 4055 385 4105 lo
406 4056 455 4105 llis.
473 4055 540 4104 l'ad.
558 4059 585 4104 ii
607 4057 678 4104 coito
700 4056 835 4118 premiere
850 4055 974 4105 addition
989 4059 1032 4104 est
1049 4055 1154 4119 placeo,
1174 4057 1262 4119 parmi

200 4136 238 4185 les
253 4137 378 4185 miracles
394 4137 564 4200 posilnrmos,
581 4137 662 4199 apres
683 4133 711 4182 la
735 4134 864 4195 guorison
881 4133 916 4183 de
932 4134 1078 4184 Gertrudis
1097 4137 1124 4183 et
1138 4147 1172 4182 au
1188 4147 1263 4183 com·

199 4220 369 4266 monccmeui
385 4215 418 4264 de
433 4217 458 4266 ia
475 4217 579 4266 section
595 4215 634 4265 De
648 4215 826 4280 paralyticis
