2934 4822
430 359 460 406 s.
486 359 631 405 aurern
655 359 815 406 neceam
840 360 960 419 eninr,
986 339 1030 406 28
1216 339 1259 408 79

196 522 270 566 sam
291 497 373 566 'fieri
406 498 526 577 voluit,
558 508 594 566 ut
624 508 696 567 tota
725 498 826 566 simul
852 522 991 588 operum
1011 497 1260 566 consummatio

196 606 319 697 gratiae
329 605 510 673 tribuenda
522 615 694 672 noscatur.
706 607 739 672 4.
758 608 843 671 Nam
857 616 891 671 et
902 615 1093 695 opportuno
1108 615 1259 695 tempore

196 711 490 780 misericorditer⁰
507 711 615 779 adluit
634 711 726 780 etad
742 712 852 779 sancti
869 711 1009 779 Antonii
1029 711 1260 779 canonizatio-

196 843 273 887 nem
306 842 410 886 unum
444 842 559 885 eorum
587 842 648 908 per
675 818 843 885 visionem
873 818 1074 886 mirabiliter
1111 818 1256 886 induxit.

195 932 228 995 5.
250 926 349 995 Visio
370 936 483 992 autem
503 925 626 1015 eapitis
642 926 716 1014 ejus
731 925 803 992 haec
819 925 891 992 luit.
915 925 1023 1005 Vidit,
1047 936 1080 993 et
1102 949 1178 993 ecee
1199 925 1260 992 do·

196 1033 309 1100 minus
324 1056 425 1123 papa,
447 1032 699 1123 pontificalibus
721 1032 837 1099 inlulis
858 1032 1051 1112 decoratus,
1073 1031 1116 1099 ad
1136 1055 1257 1099 conse·

197 1139 381 1208 orandaml
403 1139 582 1207 eeclesiam
603 1163 664 1206 nee
680 1152 769 1205 non⁶
794 1139 901 1206 altare
917 1149 1059 1229 paratus
1074 1138 1257 1220 adstabat;

196 1245 1260 1338 quemvenerabiliumcoronacardinalium‘l‚sacrismysteriis

198 1377 239 1419 ex
253 1377 346 1420 more
358 1353 606 1437 ministratura,
620 1353 780 1443 cingebat
792 1365 817 1420 ‘.
835 1356 867 1421 6.
880 1353 1184 1443 Appropinquante
1199 1375 1261 1419 au·

197 1469 265 1526 tem
286 1459 553 1527 consecrationis
573 1459 669 1536 liora,
692 1482 844 1525 summus
864 1459 1015 1548 pontifex
1030 1458 1205 1549 reliquias,
1220 1481 1262 1525 ex

198 1590 290 1633 more
313 1567 348 1633 in
376 1566 477 1634 altari
506 1565 735 1633 condendas!
738 1618 746 1645 ,
768 1565 959 1656 requisivit.
989 1568 1036 1633 At
1057 1566 1130 1633 illis
1150 1565 1262 1633 nullas

196 1672 333 1740 omnino
365 1697 402 1739 se
427 1673 552 1739 lrabere
580 1672 741 1762 reliquias
759 1696 845 1762 quas
866 1683 1031 1762 ponerent
1059 1672 1262 1763 singillatim

197 1779 405 1870 respondere
418 1780 446 1847 1.

242 1890 274 1954 7.
298 1887 356 1954 llle
376 1911 470 1967 vero,
493 1886 695 1977 quaerentisi
724 1909 816 1953 more
840 1886 874 1953 in
896 1885 1035 1954 diversa
1054 1886 1166 1954 serens
1182 1909 1263 1953 con·

197 1995 332 2069 tultum,
350 1993 437 2060 vidit
457 1993 620 2060 lortuitul
641 1993 742 2059 lunas
763 2016 887 2060 novum
904 1993 918 2035 '³
933 1993 1045 2061 vicino
1061 1994 1176 2083 jacere
1191 1993 1263 2060 ins-

197 2100 293 2167 titis‘
311 2100 478 2188 ligatum3
509 2099 599 2190 quod
620 2124 697 2166 nrox
714 2114 735 2142 '¹¹
756 2110 793 2166 ut
806 2112 822 2142 '²
842 2100 1001 2180 vidisset,
1029 2100 1100 2168 ait:
1133 2100 1263 2167 Allerte

198 2207 325 2274 celeres
341 2207 503 2297 reliquias
524 2207 586 2273 lias
608 2230 727 2289 novas,
746 2217 783 2273 ut
802 2207 837 2273 in
864 2207 964 2274 altari
985 2206 1172 2274 condamus
1188 2230 1260 2274 eas.

199 2317 232 2381 8.
257 2313 348 2400 Qui⁰
369 2337 471 2403 quum
495 2314 609 2380 visum
634 2313 736 2380 lunus
752 2337 818 2380 non
845 2337 923 2381 esse
944 2313 1105 2404 reliquias
1134 2313 1263 2381 instan-

200 2431 282 2487 terr
308 2420 572 2488 asseruissent:
599 2420 735 2507 Tollite,
764 2420 886 2510 inquit,
913 2421 1142 2487 velamentum
1171 2435 1262 2511 quot

199 2526 328 2616 tegitur
352 2538 386 2594 et
404 2526 518 2593 videte
539 2529 660 2593 saltem
692 2516 853 2617 quidnam
875 2527 920 2594 sit
945 2526 1035 2615 quod
1055 2526 1263 2594 intrinsecus

199 2633 294 2701 latet.
316 2637 349 2702 9.
366 2635 411 2700 At
432 2634 492 2714 illi,
508 2633 551 2700 ad
568 2657 690 2723 corpus
705 2632 905 2700 accedentes
915 2633 1024 2724 pigris
1042 2633 1222 2724 gressibus
1236 2647 1261 2713 r,

198 2740 296 2808 inviti
316 2740 505 2831 procedunt
524 2751 570 2819 et,
592 2742 690 2831 juxta
709 2752 928 2830 praeceptum,
954 2764 1104 2831 pannum
1124 2764 1191 2831 quo
1211 2740 1264 2808 in·

199 2846 351 2914 volutum
366 2847 475 2914 luerat
489 2847 653 2914 velociter
667 2847 802 2915 tollunt.
824 2850 875 2915 10.
894 2847 994 2934 Quod
1009 2871 1112 2938 quum
1132 2847 1264 2915 discoo-

198 2954 394 3043 peruissent
421 2964 478 3021 et⁸
498 2954 625 3020 nullam
653 2954 790 3044 penitus
822 2954 1050 3044 corruptionis
1074 2953 1263 3022 foeditatem

199 3060 405 3139 sensissent,
423 3061 598 3128 conversis
615 3069 624 3102 ί
640 3059 681 3127 ad
698 3084 821 3150 corpus
848 3060 932 3127 visre
961 3060 1113 3151 reliquia.
1132 3061 1167 3127 in
1187 3071 1264 3129 tan·

200 3177 270 3233 tum
285 3168 486 3258 placuerunt
505 3178 554 3245 ut,
581 3192 617 3234 se
635 3178 749 3235 mutuo
772 3167 1033 3258 preuvenienteS,
1056 3167 1137 3259 quid
1160 3168 1264 3259 quis¹⁴
1335 3234 1343 3251 ,

199 3274 335 3342 tolleret
349 3274 577 3342 decertarent.

248 3385 299 3449 11.
324 3381 375 3449 lld
392 3405 493 3472 quam
509 3381 793 3462 concurrentium,
809 3392 845 3449 ut
859 3381 1051 3463 videbatur,
1067 3405 1265 3471 pressuram

228 3598 250 3630 a.
266 3586 323 3630 Pul.
332 3586 507 3631 misericordia
519 3586 572 3630 Dei.
581 3610 607 3618 —
626 3586 648 3631 b.
660 3587 707 3631 Les
718 3587 776 3631 tiss.
784 3597 823 3631 ont
840 3587 1048 3632 consecrandam.
1060 3587 1267 3632 consecrandum

201 3658 271 3701 serait
284 3658 335 3712 plus
346 3669 431 3701 correct
442 3658 454 3700 6
465 3670 532 3701 cause
545 3659 574 3701 du
587 3669 633 3702 mor
642 3659 730 3703 altare.
738 3682 764 3690 —
773 3670 794 3702 c.
805 3659 862 3702 Luc.
871 3669 893 3702 ιι
907 3658 962 3702 rau.
970 3670 1016 3702 nec
1030 3670 1079 3702 uon
1090 3661 1120 3702 et.
1129 3682 1155 3690 -
1164 3659 1187 3703 tt.
1201 3658 1267 3702 Paris

200 3728 373 3773 cardinalium
393 3741 493 3773 corona.
506 3753 532 3761 —
547 3741 567 3773 c.
584 3729 631 3772 lies
650 3729 708 3773 Mes.
724 3730 752 3773 de
766 3729 879 3781 Lucerne,
895 3731 923 3773 ‹le
941 3730 1032 3774 Padoue
1049 3740 1071 3774 et
1088 3732 1115 3774 de
1132 3731 1154 3773 la
1173 3730 1268 3774 Faculrt

201 3810 339 3855 protestante
351 3801 378 3843 de
392 3800 457 3843 Puris
474 3804 573 3855 ajourenr
591 3801 620 3843 ici
639 3811 697 3845 reue
712 3801 809 3856 phrase:
825 3801 895 3844 luter
907 3812 969 3855 quos
984 3801 1105 3846 dominus
1121 3801 1170 3853 itte,
1183 3801 1267 3856 officio

200 3873 243 3915 aut
259 3871 382 3923 dlqnltale
398 3883 448 3913 ιιοη
466 3871 579 3917 ultanus.
594 3871 705 3915 cratibus
722 3872 803 3915 sacris
819 3870 931 3921 tudrrlua.
946 3872 1140 3916 ruinistraturue
1153 3872 1266 3917 accessit.

200 3965 227 3974 -
244 3942 261 3995 s.
275 3941 332 3985 Luc.
348 3943 453 3986 condiri.
471 3942 605 3996 -ςι.1,ι]ο.
621 3943 693 3986 nulli.
708 3966 735 3975 -
749 3944 773 3985 6.
789 3943 854 3993 Luc..
874 3943 940 3996 Part..
956 3943 1023 3986 Paris
1037 3945 1229 4000 responderunt.
1242 3967 1268 3975 -

202 4013 218 4057 i.
241 4012 297 4056 Luc.
316 4018 460 4067 quaerentes.
479 4037 504 4046 -
517 4015 538 4067 j.
559 4015 610 4057 illc.
624 4016 663 4059 186
679 4014 798 4069 srrrtrtltu.
820 4038 846 4046 -
865 4015 887 4058 Ιι.
901 4014 967 4058 Paris
984 4027 1078 4059 recena.
1091 4037 1117 4047 -
1136 4016 1151 4058 1.
1163 4015 1215 4058 Alc.
1228 4016 1268 4059 186

201 4085 306 4128 vestitis.
318 4096 385 4127 -m.
399 4086 451 4128 Alc.
461 4086 501 4130 166
514 4096 591 4129 more.
601 4108 627 4116 —
640 4098 664 4128 n.
678 4085 743 4137 Luc..
756 4085 822 4137 Pau,
835 4085 901 4128 Puris
913 4097 1000 4138 qrunn.
1010 4109 1036 4117 —
1049 4098 1070 4130 o.
1083 4085 1140 4129 Luc.
1151 4086 1226 4139 quod.
1240 4107 1267 4118 ·-

200 4168 227 4212 p.
240 4155 306 4199 Paris
316 4169 360 4199 orn.
374 4156 506 4200 instanter.
515 4169 571 4210 -q.
586 4156 654 4200 Paris
664 4168 724 4201 cum
736 4168 793 4210 que
804 4179 830 4188 -
845 4169 864 4200 r.
878 4157 931 4200 Ale.
941 4157 980 4202 166
988 4157 1136 4212 epresattus.
1146 4179 1173 4190 -
1185 4168 1205 4201 a.
1214 4157 1267 4201 Alc.

203 4227 243 4273 186
254 4239 299 4271 om.
310 4230 341 4271 et.
351 4249 379 4260 -
390 4230 405 4272 t.
416 4229 469 4273 Ale.
477 4228 517 4273 166
526 4227 650 4273 conuersi.
658 4249 685 4262 -
695 4239 720 4273 u.
729 4227 782 4274 Ale.
793 4228 833 4275 186
844 4227 973 4284 quicquid.
987 4227 1047 4273 Luc.
1061 4228 1118 4285 quis
1130 4228 1199 4284 quid.
