2934 4822
442 392 631 438 anormous
657 392 701 437 nu
727 393 785 437 ns,
810 393 852 437 mr
878 392 1015 437 mooun
1198 373 1260 438 133

196 529 329 597 dientes
359 554 434 597 rum
461 532 591 621 sappis‚
620 531 772 598 fecerunt
791 530 856 598 tria
888 530 1052 597 foramina
1073 529 1107 597 in
1132 530 1261 619 capello

196 637 286 727 quod
306 638 340 704 in
360 638 470 727 eapite
494 638 736 728 deportabatst,
758 662 819 705 nee
843 648 957 705 tamen
986 648 1087 728 caput
1107 638 1180 727 ejus
1200 637 1262 703 ali-

195 754 363 834 quatenus
384 745 583 834 tetigerunt.
607 748 639 812 7.
662 748 841 834 Quumque
861 768 1002 835 puerum
1023 744 1064 811 de
1085 744 1262 812 subterra

196 851 396 930 traxissent,
418 853 519 918 vivus
546 853 716 943 apparuit,
735 852 794 919 sed
820 851 974 941 graviter
994 860 1259 941 conquassatus.

195 961 227 1025 8.
270 959 568 1048 Interrogantibus
610 969 723 1026 autem
765 957 929 1026 fratribus
962 958 1109 1049 qualiter
1145 956 1261 1024 vivere

195 1074 330 1154 poterat
346 1066 409 1132 sol)
433 1066 543 1142 ruina,
574 1065 774 1155 respondit:
800 1068 927 1132 Beatus
951 1065 1121 1132 Antonius
1151 1063 1262 1132 tenuit

197 1195 333 1238 manum
357 1196 454 1239 suam
481 1197 584 1263 super
608 1183 728 1262 guttur
748 1195 869 1238 meum.
891 1176 924 1240 a.
947 1171 1046 1258 Quod
1066 1171 1258 1250 audientes

196 1278 379 1346 hominesl
402 1280 459 1370 qui
484 1280 669 1347 adstabant
690 1283 761 1346 Deo
788 1289 821 1346 et
844 1279 945 1347 beato
965 1278 1114 1346 Antonio
1141 1288 1260 1369 grates

196 1385 329 1454 debitas
349 1387 600 1476 persolverunt.

589 1783 767 1842 addition
788 1785 842 1840 111
859 1780 879 1839 ¹.

203 2082 206 2086 ’
243 2085 272 2148 1.
297 2085 334 2150 ln
361 2081 499 2148 civitate
524 2080 692 2149 Ulixbona
715 2090 788 2147 erat
809 2080 947 2169 quidam
969 2079 1145 2169 parvulus,
1163 2080 1260 2147 Pari-

197 2189 269 2255 sius
283 2189 432 2271 nomine,
445 2187 555 2254 sancti
570 2187 679 2276 patris
696 2187 804 2254 nostri
817 2186 956 2254 Antonii
972 2187 1060 2253 linea
1075 2187 1260 2275 parentelae

197 2319 394 2383 germanus

241 2406 273 2470 2.
299 2405 394 2468 llune
410 2425 527 2491 quum,
544 2400 598 2467 die
618 2401 777 2490 quadam,
799 2400 894 2490 pueri
915 2400 1065 2490 quidam,
1088 2400 1260 2489 spatiandi

197 2533 313 2585 rausa,
335 2519 372 2575 ut
391 2508 505 2575 aetatis
525 2508 616 2574 illius
636 2531 710 2574 mos
732 2518 797 2583 est,
822 2507 990 2574 intrantes
1005 2530 1098 2574 mare
1113 2507 1147 2573 in
1164 2508 1261 2574 navi·

197 2616 271 2683 cula
288 2615 433 2705 quadam
446 2615 599 2705 parvula,
617 2638 732 2681 seeum
744 2600 918 2700 ducerent,
932 2613 1045 2681 subito
1056 2624 1260 2704 tempestate

196 2722 311 2789 valida
334 2733 452 2788 exorta
472 2721 507 2787 in
533 2721 904 2811 inari,ipsa11avieula
931 2720 1065 2811 ipsique
1084 2743 1202 2788 omnes
1227 2723 1261 2789 in

198 2853 290 2896 mare
310 2829 545 2895 fluctuantium
566 2839 746 2895 ventorum
765 2829 914 2917 impulsu
934 2828 1053 2917 rapido
1080 2839 1160 2896 sunt
1180 2830 1261 2897 sub-

197 2937 313 3002 mersi.
337 2940 369 3002 3.
389 2935 569 3004 Cousoeiis
590 2945 702 3001 autem
722 2934 876 3024 praedicti
891 2934 1062 3013 infantuli,
1084 2936 1163 3027 qnia
1183 2960 1262 3025 pro·

197 3042 359 3109 rectioris
374 3042 487 3109 atatis
508 3053 606 3109 erant
622 3053 806 3132 natareque
823 3051 1001 3119 noverant,
1020 3042 1259 3129 evadentilruS,

198 3150 233 3216 in
252 3150 357 3216 maris
379 3149 546 3238 profundo
567 3149 661 3216 solus
682 3148 845 3238 puerulos
869 3148 922 3216 lrie
944 3149 1121 3216 remansit.

243 3259 275 3323 l.
311 3262 490 3346 Quumque
529 3255 630 3322 matri
658 3255 700 3321 de
731 3255 965 3322 submersione
995 3256 1055 3322 lilii
1085 3257 1209 3325 luisset
1241 3281 1260 3324 a

199 3362 419 3429 narrantibus
452 3362 655 3447 nuntiatum,
692 3361 905 3452 gemebunda
943 3372 1051 3429 mater
1088 3362 1131 3430 ad
1164 3363 1261 3430 littus

197 3469 353 3536 celeriter
373 3469 582 3558 properavit,
600 3469 789 3558 vidensque
809 3468 999 3558 piscatores
1019 3469 1105 3536 retia
1126 3469 1263 3537 mitten·

197 3587 250 3643 tes
275 3576 309 3641 in
337 3600 442 3649 mare,
466 3576 620 3642 exoravit
645 3575 844 3664 suppliciter
869 3585 906 3642 ut
927 3575 1012 3641 retia
1029 3576 1185 3664 jacerent
1204 3577 1261 3644 ubi

199 3683 288 3748 filius
305 3684 379 3771 ejus
397 3683 599 3749 submersos
620 3682 741 3765 luerat,
764 3692 802 3749 ut
818 3706 915 3772 quem
936 3681 1132 3772 perdiderat
1146 3684 1261 3749 vivum

225 3874 246 3902 a.
261 3862 318 3904 ,too
333 3860 383 3902 ,tto
395 3863 486 3903 antron.
502 3861 670 3914 pervadentes
682 3859 769 3915 suppio
784 3860 809 3902 io
822 3860 917 3915 repello
936 3861 1002 3915 quod
1018 3864 1118 3915 peretot
1136 3862 1161 3903 tn
1174 3865 1263 3917 raprtr.

199 3936 247 3974 trra
258 3932 383 3984 foramina
395 3931 562 3985 prrsorrrrort.
576 3954 602 3962 -
614 3932 634 3973 o.
648 3933 705 3974 ,loe
716 3931 830 3985 plorant.

234 4096 255 4141 t.
274 4095 355 4142 (letto
372 4095 511 4141 troisimne
528 4093 662 4145 :ntrlition
674 4092 743 4141 dans
759 4092 783 4141 to
800 4093 848 4142 ns.
863 4092 928 4142 l'ad.
946 4097 983 4149 Ἧι,
998 4110 1027 4141 se
1042 4097 1137 4143 trouve
1152 4096 1167 4143 a
1185 4094 1210 4143 ln
1226 4095 1262 4143 tln

201 4174 236 4221 dn
254 4174 353 4222 roenril
371 4173 420 4222 des
436 4173 562 4222 miracles
586 4174 756 4236 postlnnnes,
779 4175 861 4236 apres
884 4174 908 4222 le
929 4173 1043 4237 prodigo
1060 4174 1101 4225 Ile
1124 4178 1183 4224 roto
1198 4175 1262 4223 sutr-

201 4256 297 4303 tracto.
