2934 4822
404 388 433 432 s.
461 387 605 432 innomi
630 387 792 434 essenon
818 387 938 448 emuli,
964 367 1008 434 38
1175 365 1238 433 103

451 770 512 829 38.
531 772 583 827 De
599 769 908 830 febricitantibus
923 777 949 828 ἃ.

220 1064 249 1127 i.
275 1060 449 1128 Βοῐιίοιιεὁ
477 1059 614 1150 quidam
634 1059 675 1127 de
699 1060 921 1141 Runceliu⁶¹,
943 1084 1058 1151 quum,
1080 1085 1141 1152 per
1161 1071 1238 1130 octo

174 1167 305 1234 dierum
338 1166 518 1246 curricula,
552 1166 681 1234 infletis
710 1167 877 1247 faucibus,
913 1167 1064 1235 dolorem
1097 1169 1238 1236 nimium

174 1273 410 1349 sustinuisset,
432 1275 571 1340 tandem
591 1273 754 1341 saeviente
775 1274 887 1342 acrius
908 1275 1083 1365 angustio,
1105 1275 1238 1343 anhelis

174 1380 325 1448 febribus
341 1380 457 1470 urgeri
478 1380 589 1470 erepit.
611 1384 642 1447 2.
662 1381 724 1447 Die
739 1391 853 1449 autem
873 1380 1032 1471 quodum,
1052 1381 1118 1449 duo
1134 1406 1152 1448 e
1170 1383 1238 1449 fra·

173 1488 298 1565 tribus,
316 1510 376 1577 per
391 1487 500 1553 locum
516 1486 551 1553 in
565 1511 630 1576 quo
641 1487 659 1529 ‘¹
667 1487 804 1577 jacebat
817 1487 881 1555 iter
890 1487 1073 1568 'facientes
1088 1488 1130 1555 etl
1147 1513 1236 1570 eum,

173 1593 408 1661 visitationis‘
425 1593 550 1685 gratia,
568 1593 791 1661 diverterunt.
810 1595 1003 1684 Quumque,
1021 1594 1137 1663 multis
1157 1618 1234 1663 eum

174 1700 391 1768 sermonibus
424 1700 642 1767 consolantes
656 1701 677 1757 s
680 1753 687 1779 ,
719 1700 762 1767 ad
788 1700 1024 1791 poenitentiam
1052 1725 1238 1792 provoces-

174 1817 263 1886 sent,
285 1830 374 1874 unus
403 1830 519 1874 eorum
545 1807 748 1897 particulam
774 1806 978 1899 chlamydis
1000 1809 1239 1898 quaetenus

173 1914 345 1982 Antonius
360 1914 409 1980 uti
424 1913 570 1992 solebat,
587 1913 729 2004 protulit
742 1924 775 1982 et
787 1915 983 2005 aegrotanti,
994 1915 1236 2006 recuperandae

175 2020 297 2088 salutis
314 2020 440 2111 gratia,
453 2020 629 2110 applicuit.
645 2025 678 2089 3.
692 2020 771 2108 Qui,
789 2021 1018 2111 praesentibus
1033 2021 1237 2100 iratribust,

177 2128 267 2194 illico
290 2127 462 2194 convaluit
489 2137 535 2207 et,
556 2128 672 2194 tactoi
691 2128 805 2218 pulsu,
829 2128 956 2196 febrem
982 2128 1131 2197 cessisse
1156 2151 1239 2219 cog-

175 2234 282 2301 novit.
315 2233 564 2301 Recedentibus
593 2244 706 2302 autem
739 2234 846 2313 illisi,
880 2258 958 2302 mox
987 2259 1081 2326 aeger
1114 2258 1238 2326 corpus

175 2340 283 2408 erexit
309 2351 356 2421 et,
382 2341 484 2432 signo
516 2341 626 2408 crucis
658 2365 733 2408 eum
764 2351 862 2432 perte
890 2341 1106 2434 chlamydisl
1135 2342 1237 2433 copiti

174 2448 356 2538 impresse,
373 2459 486 2514 tumor
505 2471 605 2538 gente
624 2447 798 2515 recessit‘.

219 2558 251 2622 li.
270 2556 358 2621 Puer
373 2553 523 2645 qnidam,
542 2554 695 2621 zoriuse
712 2555 858 2641 nomine,
876 2555 1055 2645 quartanis
1069 2556 1240 2646 languens

174 2661 327 2729 febribus
343 2673 376 2728 et
397 2671 496 2751 gutte
511 2661 658 2751 quodum
675 2661 870 2729 medullitus
886 2662 1058 2741 anxiatus,
1073 2662 1115 2730 ad
1131 2672 1240 2730 tumu-

174 2769 244 2835 lum
269 2768 406 2835 sanctie
432 2768 567 2858 patris⁰
590 2769 731 2836 Antonii
758 2769 893 2836 delatus
921 2779 986 2837 est.
1022 2770 1102 2858 Qui,
1137 2792 1241 2860 quum

176 2875 271 2942 brevi
290 2875 455 2965 temporis
472 2875 583 2965 spatio
604 2899 707 2965 super
727 2899 840 2943 arcam
853 2876 986 2967 positus
1003 2877 1239 2957 sustinuisset,

176 2992 310 3075 agnita
326 2982 425 3049 simul
442 2991 474 3049 et
494 2981 645 3050 febribus
664 2983 830 3051 liberatus
850 2982 1069 3053 descenditt'.

175 3179 386 3191 —

203 3316 225 3347 u.
240 3302 305 3346 Puris
324 3316 368 3346 om.
382 3316 406 3345 ee
419 3304 478 3346 titre.
491 3327 517 3334 —
530 3304 551 3346 b.
565 3304 616 3346 Aio.
629 3304 669 3349 286
687 3303 807 3348 Bornous.
822 3304 876 3348 Ped.
890 3304 1008 3349 Bonizus.
1020 3328 1046 3337 —
1061 3318 1082 3351 c.
1096 3306 1161 3355 Pori..
1176 3307 1242 3353 Puris

177 3374 305 3418 Honestio.
319 3399 344 3405 —
359 3375 383 3417 (t.
401 3375 466 3418 Puris
480 3375 564 3419 iocum
579 3375 630 3418 ubi.
649 3397 676 3407 -
698 3387 719 3418 e.
733 3375 799 3419 Puris
813 3375 942 3420 visitandi.
962 3399 989 3408 —
1008 3377 1025 3431 Ῑ.
1038 3378 1091 3422 iiic.
1103 3378 1143 3423 286
1155 3379 1243 3424 multis

176 3456 235 3488 euin
248 3445 469 3489 convectationibus.
484 3446 540 3489 Luc.
554 3446 641 3489 inuitis
661 3458 719 3490 cum
732 3447 899 3491 consotnntcs.
912 3446 979 3492 Puris
991 3448 1078 3492 moitis
1091 3461 1148 3493 com
1161 3451 1243 3496 uerbis

177 3516 342 3560 consolantes.
355 3541 381 3548 —
395 3530 417 3570 p.
431 3518 482 3559 iiie.
496 3519 536 3560 ‘iiiii
548 3529 609 3571 quire.
622 3541 648 3548 -
660 3519 684 3560 ti,
701 3517 765 3560 Puris
777 3517 900 3571 fratribus
910 3519 1083 3573 presentibus.
1098 3542 1124 3552 -
1145 3521 1161 3564 i.
1177 3521 1244 3567 Puris

177 3588 260 3631 terito.
273 3611 298 3618 -
309 3587 328 3640 j.
344 3588 408 3630 l‘nris
421 3589 551 3641 frutribus.
563 3612 588 3619 —
602 3588 624 3632 li.
640 3588 705 3631 l‘un's
717 3600 776 3632 cum
787 3589 930 3644 chlamyde.
944 3612 971 3621 -
990 3590 1005 3633 t.
1018 3591 1070 3635 iiic.
1085 3591 1125 3636 iso
1144 3595 1166 3635 et
1179 3592 1245 3637 Puris

177 3659 277 3702 resedit.
294 3659 349 3701 Luc.
370 3660 472 3702 recedit.
488 3660 520 3704 Ce
536 3661 627 3702 mirncle
646 3664 682 3703 est
700 3661 758 3702 omis
779 3673 819 3714 pm
839 3661 860 3703 lo
880 3664 938 3703 lexic
957 3661 1079 3705 d'Ancone.
1094 3684 1121 3693 —
1137 3675 1171 3706 m.
1187 3663 1243 3708 eon.

175 3731 269 3773 Zonus.
291 3730 356 3773 Puris
375 3732 464 3773 Zenns.
481 3731 545 3773 Sicco
558 3731 689 3779 Polemone,
703 3744 738 3785 nii.
753 3732 884 3785 Azzogniiii,
902 3733 1006 3786 t'uppeiie
1021 3734 1094 3777 Zeno.
1110 3757 1137 3766 -
1148 3747 1172 3779 n.
1186 3735 1243 3780 Pnd.

175 3801 340 3844 sanctissimi.
353 3826 379 3832 -
392 3814 412 3844 o.
429 3802 494 3845 Puris
506 3814 550 3844 om.
560 3803 652 3856 patrica
663 3814 720 3857 —p.
732 3801 820 3846 Lotis.
834 3803 861 3846 iic
873 3801 977 3847 Lucerne
989 3807 1012 3847 et
1024 3805 1045 3847 io
1059 3808 1117 3849 texto
1130 3806 1245 3851 ‹i'Anoone

176 3877 285 3915 nmottent
296 3886 321 3915 ec
337 3874 435 3916 miructe.

210 4163 233 4207 t.
250 4159 412 4223 iioncngtin,
436 4159 547 4208 incutite
569 4160 673 4208 roistne
693 4159 726 4209 de
745 4158 866 4209 Pndoue.
883 4161 973 4223 (Josn,
990 4159 1065 4226 Leg,
1083 4164 1144 4223 etc„
1161 4176 1188 4229 p.
1205 4167 1242 4224 583

179 4239 263 4302 note.)
