2934 4822
430 332 458 377 S.
487 332 632 377 tuuomr
657 332 818 379 Leonum
843 333 963 392 anius,
984 315 1029 381 26
1223 317 1268 382 71.

200 470 288 539 situs
313 469 356 537 ab
380 470 471 537 omni
498 494 535 538 se
564 471 682 539 morbo
713 472 894 540 liberatum
924 472 1109 564 gaudebat.
1136 476 1169 542 3.
1197 472 1264 560 Qui

199 601 293 656 vero,
327 600 398 667 prae
435 577 651 645 multitudine
689 579 1001 669 supervenientium
1039 579 1262 666 intirmorum,

199 708 312 752 eoram
332 707 412 751 area
432 707 568 752 manere
585 708 651 751 uon
668 697 837 775 poterant,
860 698 955 752 extra
971 686 1096 753 ostium
1112 687 1264 755 ecelesiae

198 791 314 869 delati,
335 790 532 859 videntibus
553 793 697 871 enuntia,
719 793 753 858 in
774 792 887 882 platea
907 793 994 859 salvi
1010 793 1149 861 fiebant.

242 900 274 965 4.
299 896 348 965 Ibi
369 921 487 964 revera
511 899 598 965 oculi
626 922 792 966 caecorum
821 900 927 989 aperti
955 910 1052 980 sunt;
1085 900 1132 966 ibi
1162 924 1263 968 aures

198 1004 379 1071 surdorum
405 1015 606 1094 patuerunt;
633 1005 679 1072 ibi
706 1005 847 1073 claudus
873 1006 961 1074 sieut
982 1030 1102 1074 cervus
1124 1007 1260 1088 saliit‘¹;

196 1110 244 1179 ibi
264 1111 376 1178 soluta
396 1121 567 1177 mutorum
581 1111 700 1202 lingua
712 1112 874 1178 velociter
895 1124 928 1179 et
947 1113 1047 1203 plane
1064 1113 1126 1181 Dei
1141 1113 1261 1180 laudes

198 1217 411 1285 acclamavit.
433 1221 465 1284 5.
490 1217 540 1284 lbi
569 1217 738 1286 dissoluta
757 1218 909 1310 paralysi
938 1219 1090 1287 membra
1113 1220 1148 1286 in
1176 1244 1261 1288 usus

197 1323 362 1414 pristinos
383 1323 591 1404 solidantur;
613 1324 659 1391 ibi
680 1325 818 1415 gibbus,
841 1325 976 1415 guttat,
998 1326 1103 1394 febris
1123 1337 1156 1394 et
1171 1350 1262 1405 mor-

197 1432 317 1500 borum
337 1441 454 1521 pestes
469 1431 574 1497 varim
589 1432 791 1499 mirabiliter
806 1433 980 1522 sugantur.
998 1437 1030 1502 6.
1051 1433 1100 1502 lbi
1116 1433 1271 1524 denique·

196 1547 314 1628 optata
333 1537 490 1604 fidelibus
510 1537 674 1605 beneficia
694 1562 836 1629 quaeque
855 1550 1082 1629 praestantur3
1106 1541 1153 1608 ibi
1169 1541 1262 1608 salu·

196 1655 304 1713 tarem
331 1643 505 1735 petitionis
527 1644 696 1722 ellectum,
725 1670 765 1712 ex
785 1646 933 1713 diversis
962 1647 1079 1714 mundi
1104 1648 1260 1738 partibus

195 1751 384 1832 venienteS,
402 1751 468 1818 viri
487 1750 687 1842 feminaeque
707 1764 973 1843 consequuntur.

275 2138 335 2198 26.
361 2140 413 2197 De
434 2138 739 2209 protensionibus
753 2141 792 2198 et
807 2140 1003 2199 devotione
1017 2141 1142 2212 populi
1154 2150 1177 2198 ⁶.

243 2429 272 2493 1.
294 2424 538 2493 llliraeulorum
554 2426 661 2517 igitur
681 2427 755 2494 luce
776 2426 967 2495 clarissima
987 2428 1155 2511 radiante,
1177 2430 1261 2498 lide-

195 2532 276 2600 lium
299 2532 495 2599 excitatnrd
514 2533 651 2600 devotio
667 2544 712 2613 ot,
730 2533 946 2602 aedificantee
966 2538 1037 2603 Deo
1056 2538 1259 2617 Jerusalem,

197 2643 316 2710 novas
336 2640 592 2732 dispersionist
613 2640 719 2707 lsrael
735 2651 1002 2730 repraesentatur
1022 2644 1258 2734 congregatio.

196 2753 228 2817 2.
255 2753 386 2817 Revera
407 2748 496 2814 enim
525 2747 568 2815 ab
594 2747 724 2815 oriente
754 2759 787 2815 et
817 2748 1003 2831 occidente,
1028 2751 1207 2818 ameridie
1227 2763 1261 2819 et

197 2856 441 2946 septentrione,
467 2854 635 2921 ordinatis
655 2854 946 2944 processionibus
967 2856 1112 2946 populil
1136 2881 1261 2925 eonve-

196 2963 293 3030 niunt
312 2973 357 3043 et,
379 2961 536 3029 videntes
557 2962 730 3052 magnalia
750 2986 838 3053 quae,
855 2963 946 3031 beati
959 2964 1099 3031 Antonii
1115 2966 1258 3045 meritis,

196 3070 230 3137 in
246 3070 354 3137 oculis
370 3092 486 3137 eorum
501 3068 640 3147 fiebant,
659 3069 785 3136 honore
800 3069 915 3137 debito
928 3070 1049 3138 merita
1066 3072 1260 3140 sanctitatis

197 3176 293 3266 ejusf
312 3175 489 3243 extollunt.
512 3179 544 3243 3.
569 3180 618 3243 Do
638 3175 692 3241 bis
712 3186 826 3243 autem
845 3177 915 3267 qui,
937 3188 975 3245 ut
994 3177 1153 3265 diximuS‚
1169 3179 1261 3246 ordi·

197 3282 287 3349 natis
303 3281 593 3373 processionibus
615 3281 753 3349 laudum
780 3283 925 3349 Domino
945 3284 1079 3351 muniar·
1100 3308 1140 3353 ao
1160 3310 1260 3353 servo

197 3390 270 3479 ejus
297 3389 397 3456 beato
419 3389 567 3455 Antonio
587 3388 709 3456 devote
730 3390 984 3478 persolvebant,
1017 3390 1106 3458 inter
1131 3392 1260 3481 primos

195 3496 386 3563 venerumt
405 3495 498 3561 eivos
520 3496 576 3586 qui
602 3498 714 3585 Caput
738 3496 857 3563 Pontis
887 3497 1093 3577 inhabitant,
1115 3499 1195 3588 quil
1213 3510 1259 3580 et,

196 3627 236 3669 ne
248 3602 314 3669 sihi
328 3602 520 3668 auferretur
531 3625 654 3692 corpus
667 3613 823 3670 sanetum
835 3617 870 3682 m,
887 3614 1026 3671 strenua
1042 3604 1261 3674 animositate

195 3718 335 3798 pontem
354 3708 593 3799 praeciderant.
615 3711 647 3776 4.
670 3709 710 3775 Hi
732 3709 901 3791 nimirum,
920 3710 1069 3778 lacrimis
1085 3712 1213 3801 perfusi
1229 3723 1262 3780 et

222 3914 245 3947 a.
256 3903 309 3947 Alc.
319 3902 359 3947 286
368 3901 481 3946 saliebat.
490 3925 516 3935 -
525 3903 546 3946 b.
558 3903 609 3947 Alc.
620 3902 660 3948 ί286
669 3907 749 3959 prata.
757 3926 783 3937 -
793 3916 814 3948 o.
824 3904 856 3951 Ge
864 3905 967 3960 ehupirre
977 3917 1073 3962 munque
1083 3906 1140 3950 dans
1151 3906 1203 3950 Alc.
1213 3907 1261 3952 293.

197 3973 263 4018 Paris
273 3985 301 4017 en
311 3986 355 4017 om.
367 3975 388 4017 le
399 3974 460 4018 titre.
473 3997 499 4006 -
513 3975 537 4018 d.
550 3974 617 4018 Puris
630 3975 754 4019 excitatur
768 3976 890 4031 fidetium.
902 3999 928 4009 —
938 3989 958 4020 e.
968 3977 1021 4021 Alc.
1031 3978 1071 4023 ‘286
1085 3979 1259 4033 edificatione.

196 4067 224 4081 ···
236 4045 255 4099 f.
273 4045 329 4089 Pud.
347 4056 447 4090 nouam.
464 4068 490 4077 -
509 4058 530 4100 9.
551 4046 618 4088 Puris
637 4047 848 4102 desponsationis.
863 4049 926 4092 -1ι,
941 4048 1008 4091 Puris
1026 4061 1071 4093 om.
1089 4049 1186 4106 populi.
1205 4072 1231 4083 -
1247 4051 1263 4096 ι’,

197 4116 318 4161 Perisom.
330 4116 391 4171 ejus.
404 4139 432 4150 -
441 4117 463 4171 j.
478 4117 545 4168 Lua,
562 4117 626 4169 Part,
644 4117 712 4161 Puris
726 4118 815 4162 murila
827 4118 943 4164 Domino.
955 4142 982 4152 —
995 4119 1018 4164 lr.
1037 4121 1090 4165 Alc.
1106 4121 1146 4167 286
1164 4133 1264 4166 venere.

195 4209 223 4222 -
237 4188 253 4233 l.
272 4187 338 4232 Puris
349 4200 404 4243 que.
418 4211 444 4221 —
459 4199 493 4232 m.
510 4188 575 4242 Pud,
590 4188 655 4232 Puris
671 4201 782 4234 sacrum.
