<?xml version="1.0" encoding="UTF-8"?>
<!DOCTYPE html PUBLIC "-//W3C//DTD XHTML 1.0 Transitional//EN"
    "http://www.w3.org/TR/xhtml1/DTD/xhtml1-transitional.dtd">
<html xmlns="http://www.w3.org/1999/xhtml" xml:lang="en" lang="en">
 <head>
  <title>
</title>
<meta http-equiv="Content-Type" content="text/html;charset=utf-8" />
  <meta name='ocr-system' content='tesseract 3.04.00' />
  <meta name='ocr-capabilities' content='ocr_page ocr_carea ocr_par ocr_line ocrx_word'/>
</head>
<body>
  <div class='ocr_page' id='page_1' title='image "./sanctiantoniide00kervgoog_0162.png"; bbox 0 0 2934 4822; ppageno 0'>
   <div class='ocr_carea' id='block_1_1' title="bbox 422 378 1266 450">
    <p class='ocr_par' dir='ltr' id='par_1_1' title="bbox 422 378 1266 450">
     <span class='ocr_line' id='line_1_1' title="bbox 422 378 1266 450; baseline 0.004 -4"><span class='ocrx_word' id='word_1_1' title='bbox 422 399 611 447; x_wconf 75' lang='lat' dir='ltr'>tummous</span> <span class='ocrx_word' id='word_1_2' title='bbox 636 401 681 447; x_wconf 87' lang='lat' dir='ltr'>ou</span> <span class='ocrx_word' id='word_1_3' title='bbox 707 401 766 447; x_wconf 87' lang='lat' dir='ltr'>us.</span> <span class='ocrx_word' id='word_1_4' title='bbox 789 378 832 446; x_wconf 78' lang='lat' dir='ltr'>oe</span> <span class='ocrx_word' id='word_1_5' title='bbox 858 399 996 447; x_wconf 73' lang='lat' dir='ltr'>raoouu</span> <span class='ocrx_word' id='word_1_6' title='bbox 1202 380 1266 450; x_wconf 87' lang='grc'>139</span> 
     </span>
    </p>
   </div>
   <div class='ocr_carea' id='block_1_2' title="bbox 195 539 1337 3731">
    <p class='ocr_par' dir='ltr' id='par_1_2' title="bbox 196 539 1337 1914">
     <span class='ocr_line' id='line_1_2' title="bbox 199 539 1264 630; baseline 0.003 -23"><span class='ocrx_word' id='word_1_7' title='bbox 199 560 312 608; x_wconf 86' lang='lat' dir='ltr'>arcam</span> <span class='ocrx_word' id='word_1_8' title='bbox 338 539 515 630; x_wconf 72' lang='lat' dir='ltr'>tetigerat,</span> <span class='ocrx_word' id='word_1_9' title='bbox 543 539 577 607; x_wconf 92' lang='lat' dir='ltr'>in</span> <span class='ocrx_word' id='word_1_10' title='bbox 606 540 719 608; x_wconf 89' lang='lat' dir='ltr'>sinum</span> <span class='ocrx_word' id='word_1_11' title='bbox 747 541 836 608; x_wconf 91' lang='lat' dir='ltr'>illico</span> <span class='ocrx_word' id='word_1_12' title='bbox 866 541 1069 610; x_wconf 82' lang='lat' dir='ltr'>retraxisset</span> <span class='ocrx_word' id='word_1_13' title='bbox 1091 551 1125 610; x_wconf 89' lang='lat' dir='ltr'>et</span> <span class='ocrx_word' id='word_1_14' title='bbox 1147 542 1264 610; x_wconf 90' lang='lat' dir='ltr'>bursis</span> 
     </span>
     <span class='ocr_line' id='line_1_3' title="bbox 199 646 1337 738; baseline 0.003 -25"><span class='ocrx_word' id='word_1_15' title='bbox 199 646 268 713; x_wconf 90' lang='lat' dir='ltr'>illis</span> <span class='ocrx_word' id='word_1_16' title='bbox 293 646 501 715; x_wconf 88' lang='lat' dir='ltr'>horribiliter</span> <span class='ocrx_word' id='word_1_17' title='bbox 523 647 795 738; x_wconf 84' lang='lat' dir='ltr'>dependentibus</span> <span class='ocrx_word' id='word_1_18' title='bbox 820 648 1051 728; x_wconf 83' lang='lat' dir='ltr'>submisisset,</span> <span class='ocrx_word' id='word_1_19' title='bbox 1073 649 1117 716; x_wconf 86' lang='lat' dir='ltr'>ad</span> <span class='ocrx_word' id='word_1_20' title='bbox 1135 659 1264 716; x_wconf 89' lang='lat' dir='ltr'>tactum</span> <span class='ocrx_word' id='word_1_21' title='bbox 1328 711 1337 731; x_wconf 81' lang='grc'><strong>,</strong></span> 
     </span>
     <span class='ocr_line' id='line_1_4' title="bbox 198 752 1265 845; baseline 0.005 -26"><span class='ocrx_word' id='word_1_22' title='bbox 198 776 333 832; x_wconf 88' lang='lat' dir='ltr'>manus,</span> <span class='ocrx_word' id='word_1_23' title='bbox 349 754 402 820; x_wconf 91' lang='lat' dir='ltr'>cui</span> <span class='ocrx_word' id='word_1_24' title='bbox 418 752 542 821; x_wconf 87' lang='lat' dir='ltr'>divinae</span> <span class='ocrx_word' id='word_1_25' title='bbox 555 753 694 822; x_wconf 84' lang='lat' dir='ltr'>virtutis</span> <span class='ocrx_word' id='word_1_26' title='bbox 710 755 857 822; x_wconf 85' lang='lat' dir='ltr'>efficacia</span> <span class='ocrx_word' id='word_1_27' title='bbox 874 754 1075 833; x_wconf 81' lang='lat' dir='ltr'>assistebat,</span> <span class='ocrx_word' id='word_1_28' title='bbox 1090 765 1265 845; x_wconf 85' lang='lat' dir='ltr'>coeperunt</span> 
     </span>
     <span class='ocr_line' id='line_1_5' title="bbox 199 859 1265 951; baseline 0.002 -23"><span class='ocrx_word' id='word_1_29' title='bbox 199 859 312 928; x_wconf 88' lang='lat' dir='ltr'>subito</span> <span class='ocrx_word' id='word_1_30' title='bbox 337 861 457 951; x_wconf 85' lang='lat' dir='ltr'>lugere</span> <span class='ocrx_word' id='word_1_31' title='bbox 477 871 511 928; x_wconf 88' lang='lat' dir='ltr'>et</span> <span class='ocrx_word' id='word_1_32' title='bbox 537 861 723 929; x_wconf 87' lang='lat' dir='ltr'>ascendere</span> <span class='ocrx_word' id='word_1_33' title='bbox 747 862 923 930; x_wconf 88' lang='lat' dir='ltr'>intestina.</span> <span class='ocrx_word' id='word_1_34' title='bbox 945 866 1000 931; x_wconf 87' lang='grc'>36.</span> <span class='ocrx_word' id='word_1_35' title='bbox 1024 862 1124 950; x_wconf 90' lang='lat' dir='ltr'>Quod</span> <span class='ocrx_word' id='word_1_36' title='bbox 1145 866 1265 930; x_wconf 88' lang='lat' dir='ltr'>Frater</span> 
     </span>
     <span class='ocr_line' id='line_1_6' title="bbox 199 967 1263 1060; baseline 0.002 -26"><span class='ocrx_word' id='word_1_37' title='bbox 199 967 352 1035; x_wconf 84' lang='lat' dir='ltr'>sentiens</span> <span class='ocrx_word' id='word_1_38' title='bbox 377 967 420 1034; x_wconf 91' lang='lat' dir='ltr'>ab</span> <span class='ocrx_word' id='word_1_39' title='bbox 443 967 591 1058; x_wconf 88' lang='lat' dir='ltr'>incoepto</span> <span class='ocrx_word' id='word_1_40' title='bbox 616 992 683 1035; x_wconf 90' lang='lat' dir='ltr'>non</span> <span class='ocrx_word' id='word_1_41' title='bbox 709 969 858 1051; x_wconf 89' lang='lat' dir='ltr'>destitit;</span> <span class='ocrx_word' id='word_1_42' title='bbox 886 969 959 1048; x_wconf 87' lang='lat' dir='ltr'>sed,</span> <span class='ocrx_word' id='word_1_43' title='bbox 983 969 1098 1060; x_wconf 92' lang='lat' dir='ltr'>potius</span> <span class='ocrx_word' id='word_1_44' title='bbox 1126 992 1263 1037; x_wconf 89' lang='lat' dir='ltr'>manum</span> 
     </span>
     <span class='ocr_line' id='line_1_7' title="bbox 198 1065 1264 1165; baseline 0.004 -25"><span class='ocrx_word' id='word_1_45' title='bbox 198 1073 339 1141; x_wconf 85' lang='lat' dir='ltr'>firmans</span> <span class='ocrx_word' id='word_1_46' title='bbox 362 1084 395 1141; x_wconf 91' lang='lat' dir='ltr'>et</span> <span class='ocrx_word' id='word_1_47' title='bbox 417 1065 493 1142; x_wconf 90' lang='lat' dir='ltr'>eam</span> <span class='ocrx_word' id='word_1_48' title='bbox 513 1075 677 1165; x_wconf 90' lang='lat' dir='ltr'>paulatim</span> <span class='ocrx_word' id='word_1_49' title='bbox 697 1075 849 1151; x_wconf 85' lang='lat' dir='ltr'>elevans,</span> <span class='ocrx_word' id='word_1_50' title='bbox 864 1075 1001 1143; x_wconf 90' lang='lat' dir='ltr'>tandem</span> <span class='ocrx_word' id='word_1_51' title='bbox 1021 1076 1185 1144; x_wconf 87' lang='lat' dir='ltr'>intestina</span> <span class='ocrx_word' id='word_1_52' title='bbox 1205 1075 1264 1144; x_wconf 83' lang='lat' dir='ltr'>illa</span> 
     </span>
     <span class='ocr_line' id='line_1_8' title="bbox 198 1180 1262 1271; baseline 0.003 -24"><span class='ocrx_word' id='word_1_53' title='bbox 198 1180 311 1248; x_wconf 90' lang='lat' dir='ltr'>omnia</span> <span class='ocrx_word' id='word_1_54' title='bbox 326 1181 369 1248; x_wconf 86' lang='lat' dir='ltr'>ad</span> <span class='ocrx_word' id='word_1_55' title='bbox 389 1181 499 1248; x_wconf 90' lang='lat' dir='ltr'>locum</span> <span class='ocrx_word' id='word_1_56' title='bbox 515 1181 665 1250; x_wconf 90' lang='lat' dir='ltr'>debitum</span> <span class='ocrx_word' id='word_1_57' title='bbox 681 1181 865 1250; x_wconf 84' lang='lat' dir='ltr'>revocavit.</span> <span class='ocrx_word' id='word_1_58' title='bbox 887 1186 941 1251; x_wconf 83' lang='lat'>37.</span> <span class='ocrx_word' id='word_1_59' title='bbox 958 1185 1034 1271; x_wconf 91' lang='lat' dir='ltr'>Quo</span> <span class='ocrx_word' id='word_1_60' title='bbox 1049 1184 1151 1263; x_wconf 85' lang='lat' dir='ltr'>lactc,</span> <span class='ocrx_word' id='word_1_61' title='bbox 1167 1182 1262 1250; x_wconf 87' lang='lat' dir='ltr'>locus</span> 
     </span>
     <span class='ocr_line' id='line_1_9' title="bbox 197 1287 1264 1380; baseline 0.003 -26"><span class='ocrx_word' id='word_1_62' title='bbox 197 1287 255 1355; x_wconf 90' lang='lat' dir='ltr'>ubi</span> <span class='ocrx_word' id='word_1_63' title='bbox 275 1298 417 1378; x_wconf 87' lang='lat' dir='ltr'>ruptura</span> <span class='ocrx_word' id='word_1_64' title='bbox 437 1289 560 1367; x_wconf 84' lang='lat' dir='ltr'>luerat,</span> <span class='ocrx_word' id='word_1_65' title='bbox 577 1313 679 1357; x_wconf 88' lang='lat' dir='ltr'>manu</span> <span class='ocrx_word' id='word_1_66' title='bbox 701 1290 883 1380; x_wconf 88' lang='lat' dir='ltr'>impressa,</span> <span class='ocrx_word' id='word_1_67' title='bbox 905 1290 1026 1358; x_wconf 86' lang='lat' dir='ltr'>lortius</span> <span class='ocrx_word' id='word_1_68' title='bbox 1046 1289 1172 1358; x_wconf 88' lang='lat' dir='ltr'>ibidem</span> <span class='ocrx_word' id='word_1_69' title='bbox 1192 1290 1264 1357; x_wconf 87' lang='lat' dir='ltr'>vir·</span> 
     </span>
     <span class='ocr_line' id='line_1_10' title="bbox 197 1395 1262 1487; baseline 0.002 -24"><span class='ocrx_word' id='word_1_70' title='bbox 197 1404 269 1463; x_wconf 91' lang='lat' dir='ltr'>tute</span> <span class='ocrx_word' id='word_1_71' title='bbox 288 1405 358 1462; x_wconf 86' lang='lat' dir='ltr'>tam</span> <span class='ocrx_word' id='word_1_72' title='bbox 378 1395 525 1464; x_wconf 87' lang='lat' dir='ltr'>mirabili</span> <span class='ocrx_word' id='word_1_73' title='bbox 540 1406 594 1464; x_wconf 94' lang='lat' dir='ltr'>cst</span> <span class='ocrx_word' id='word_1_74' title='bbox 613 1397 768 1465; x_wconf 86' lang='lat' dir='ltr'>firmatus</span> <span class='ocrx_word' id='word_1_75' title='bbox 787 1408 837 1475; x_wconf 90' lang='lat' dir='ltr'>ut,</span> <span class='ocrx_word' id='word_1_76' title='bbox 855 1398 1042 1465; x_wconf 88' lang='lat' dir='ltr'>secundum</span> <span class='ocrx_word' id='word_1_77' title='bbox 1063 1398 1153 1487; x_wconf 88' lang='lat' dir='ltr'>quod</span> <span class='ocrx_word' id='word_1_78' title='bbox 1173 1397 1262 1465; x_wconf 91' lang='lat' dir='ltr'>idem</span> 
     </span>
     <span class='ocr_line' id='line_1_11' title="bbox 197 1502 1263 1594; baseline 0.003 -26"><span class='ocrx_word' id='word_1_79' title='bbox 197 1502 304 1569; x_wconf 82' lang='lat' dir='ltr'>frater</span> <span class='ocrx_word' id='word_1_80' title='bbox 331 1502 412 1569; x_wconf 91' lang='lat' dir='ltr'>mihi</span> <span class='ocrx_word' id='word_1_81' title='bbox 442 1503 569 1582; x_wconf 88' lang='lat' dir='ltr'>retulit,</span> <span class='ocrx_word' id='word_1_82' title='bbox 597 1505 692 1570; x_wconf 79' lang='lat' dir='ltr'>frons</span> <span class='ocrx_word' id='word_1_83' title='bbox 719 1505 793 1594; x_wconf 88' lang='lat' dir='ltr'>ejus</span> <span class='ocrx_word' id='word_1_84' title='bbox 817 1528 884 1571; x_wconf 93' lang='lat' dir='ltr'>non</span> <span class='ocrx_word' id='word_1_85' title='bbox 913 1515 1006 1571; x_wconf 88' lang='lat' dir='ltr'>esset</span> <span class='ocrx_word' id='word_1_86' title='bbox 1036 1503 1177 1571; x_wconf 90' lang='lat' dir='ltr'>solidior</span> <span class='ocrx_word' id='word_1_87' title='bbox 1206 1504 1263 1572; x_wconf 86' lang='lat' dir='ltr'>illa</span> 
     </span>
     <span class='ocr_line' id='line_1_12' title="bbox 197 1610 1264 1699; baseline 0.004 -23"><span class='ocrx_word' id='word_1_88' title='bbox 197 1620 308 1699; x_wconf 90' lang='lat' dir='ltr'>parte.</span> <span class='ocrx_word' id='word_1_89' title='bbox 337 1612 392 1679; x_wconf 88' lang='lat'>38.</span> <span class='ocrx_word' id='word_1_90' title='bbox 422 1610 533 1697; x_wconf 89' lang='lat' dir='ltr'>Unde,</span> <span class='ocrx_word' id='word_1_91' title='bbox 562 1635 602 1677; x_wconf 88' lang='lat' dir='ltr'>ex</span> <span class='ocrx_word' id='word_1_92' title='bbox 631 1621 712 1678; x_wconf 89' lang='lat' dir='ltr'>tuno</span> <span class='ocrx_word' id='word_1_93' title='bbox 740 1610 896 1678; x_wconf 82' lang='lat' dir='ltr'>devotior</span> <span class='ocrx_word' id='word_1_94' title='bbox 924 1612 1048 1688; x_wconf 76' lang='lat' dir='ltr'>lactuS,</span> <span class='ocrx_word' id='word_1_95' title='bbox 1080 1622 1199 1678; x_wconf 87' lang='lat' dir='ltr'>sancto</span> <span class='ocrx_word' id='word_1_96' title='bbox 1226 1622 1264 1680; x_wconf 92' lang='lat' dir='ltr'>ut</span> 
     </span>
     <span class='ocr_line' id='line_1_13' title="bbox 196 1715 1263 1808; baseline 0.005 -28"><span class='ocrx_word' id='word_1_97' title='bbox 196 1715 328 1784; x_wconf 88' lang='lat' dir='ltr'>valeret</span> <span class='ocrx_word' id='word_1_98' title='bbox 354 1716 485 1784; x_wconf 88' lang='lat' dir='ltr'>servire</span> <span class='ocrx_word' id='word_1_99' title='bbox 511 1717 748 1807; x_wconf 90' lang='lat' dir='ltr'>opportunius,</span> <span class='ocrx_word' id='word_1_100' title='bbox 772 1717 813 1785; x_wconf 93' lang='lat' dir='ltr'>de</span> <span class='ocrx_word' id='word_1_101' title='bbox 837 1717 1012 1808; x_wconf 89' lang='lat' dir='ltr'>provincia</span> <span class='ocrx_word' id='word_1_102' title='bbox 1038 1718 1200 1785; x_wconf 85' lang='lat' dir='ltr'>Paduana</span> <span class='ocrx_word' id='word_1_103' title='bbox 1225 1743 1263 1786; x_wconf 89' lang='lat' dir='ltr'>sc</span> 
     </span>
     <span class='ocr_line' id='line_1_14' title="bbox 197 1822 957 1914; baseline 0.005 -26"><span class='ocrx_word' id='word_1_104' title='bbox 197 1822 272 1889; x_wconf 86' lang='lat' dir='ltr'>lieri</span> <span class='ocrx_word' id='word_1_105' title='bbox 292 1846 367 1889; x_wconf 89' lang='lat' dir='ltr'>cum</span> <span class='ocrx_word' id='word_1_106' title='bbox 387 1823 504 1891; x_wconf 90' lang='lat' dir='ltr'>multis</span> <span class='ocrx_word' id='word_1_107' title='bbox 524 1824 701 1891; x_wconf 87' lang='lat' dir='ltr'>instantiis</span> <span class='ocrx_word' id='word_1_108' title='bbox 721 1824 918 1914; x_wconf 84' lang='lat' dir='ltr'>procuravit</span> <span class='ocrx_word' id='word_1_109' title='bbox 936 1827 957 1892; x_wconf 93' lang='lat'>¹.</span> 
     </span>
    </p>

    <p class='ocr_par' dir='ltr' id='par_1_3' title="bbox 195 1931 1263 3731">
     <span class='ocr_line' id='line_1_15' title="bbox 241 1931 1263 2023; baseline 0.002 -25"><span class='ocrx_word' id='word_1_110' title='bbox 241 1933 297 1998; x_wconf 83' lang='lat'>39.</span> <span class='ocrx_word' id='word_1_111' title='bbox 325 1933 424 1997; x_wconf 79' lang='lat' dir='ltr'>Anno</span> <span class='ocrx_word' id='word_1_112' title='bbox 450 1931 585 1998; x_wconf 90' lang='lat' dir='ltr'>Domini</span> <span class='ocrx_word' id='word_1_113' title='bbox 611 1931 790 1998; x_wconf 91' lang='lat' dir='ltr'>millesimo</span> <span class='ocrx_word' id='word_1_114' title='bbox 815 1931 1048 1999; x_wconf 87' lang='lat' dir='ltr'>ducentesimo</span> <span class='ocrx_word' id='word_1_115' title='bbox 1078 1941 1263 2023; x_wconf 86' lang='lat' dir='ltr'>septuage-</span> 
     </span>
     <span class='ocr_line' id='line_1_16' title="bbox 200 2035 1261 2117; baseline 0.004 -15"><span class='ocrx_word' id='word_1_116' title='bbox 200 2035 286 2103; x_wconf 91' lang='lat' dir='ltr'>simo</span> <span class='ocrx_word' id='word_1_117' title='bbox 308 2047 442 2116; x_wconf 83' lang='lat' dir='ltr'>octavo,</span> <span class='ocrx_word' id='word_1_118' title='bbox 460 2061 576 2104; x_wconf 87' lang='lat' dir='ltr'>meuse</span> <span class='ocrx_word' id='word_1_119' title='bbox 592 2038 767 2117; x_wconf 82' lang='lat' dir='ltr'>februarii,</span> <span class='ocrx_word' id='word_1_120' title='bbox 789 2038 824 2105; x_wconf 92' lang='lat' dir='ltr'>iu</span> <span class='ocrx_word' id='word_1_121' title='bbox 845 2038 993 2106; x_wconf 85' lang='lat' dir='ltr'>dioecesi</span> <span class='ocrx_word' id='word_1_122' title='bbox 1013 2038 1207 2117; x_wconf 89' lang='lat' dir='ltr'>Vicentina‚</span> <span class='ocrx_word' id='word_1_123' title='bbox 1227 2039 1261 2106; x_wconf 90' lang='lat' dir='ltr'>in</span> 
     </span>
     <span class='ocr_line' id='line_1_17' title="bbox 198 2143 1260 2233; baseline 0.007 -26"><span class='ocrx_word' id='word_1_124' title='bbox 198 2143 280 2209; x_wconf 90' lang='lat' dir='ltr'>villa</span> <span class='ocrx_word' id='word_1_125' title='bbox 295 2167 370 2233; x_wconf 87' lang='lat' dir='ltr'>quac</span> <span class='ocrx_word' id='word_1_126' title='bbox 386 2143 510 2211; x_wconf 91' lang='lat' dir='ltr'>dicitur</span> <span class='ocrx_word' id='word_1_127' title='bbox 526 2144 764 2224; x_wconf 62' lang='lat' dir='ltr'>Castelnerost,</span> <span class='ocrx_word' id='word_1_128' title='bbox 780 2145 814 2211; x_wconf 92' lang='lat' dir='ltr'>in</span> <span class='ocrx_word' id='word_1_129' title='bbox 835 2145 935 2212; x_wconf 91' lang='lat' dir='ltr'>domo</span> <span class='ocrx_word' id='word_1_130' title='bbox 949 2145 1077 2213; x_wconf 92' lang='lat' dir='ltr'>domini</span> <span class='ocrx_word' id='word_1_131' title='bbox 1092 2144 1260 2215; x_wconf 91' lang='lat' dir='ltr'>Johannis</span> 
     </span>
     <span class='ocr_line' id='line_1_18' title="bbox 199 2249 1261 2345; baseline 0.005 -30"><span class='ocrx_word' id='word_1_132' title='bbox 199 2249 240 2315; x_wconf 88' lang='lat' dir='ltr'>de</span> <span class='ocrx_word' id='word_1_133' title='bbox 255 2250 396 2330; x_wconf 86' lang='lat' dir='ltr'>Puthco,</span> <span class='ocrx_word' id='word_1_134' title='bbox 410 2249 500 2317; x_wconf 62' lang='lat' dir='ltr'>duob</span> <span class='ocrx_word' id='word_1_135' title='bbox 519 2251 751 2319; x_wconf 86' lang='lat' dir='ltr'>incantatores</span> <span class='ocrx_word' id='word_1_136' title='bbox 767 2252 921 2320; x_wconf 87' lang='lat' dir='ltr'>lecerunt</span> <span class='ocrx_word' id='word_1_137' title='bbox 934 2252 1184 2321; x_wconf 81' lang='lat' dir='ltr'>incantationes</span> <span class='ocrx_word' id='word_1_138' title='bbox 1199 2277 1261 2345; x_wconf 93' lang='lat' dir='ltr'>pro</span> 
     </span>
     <span class='ocr_line' id='line_1_19' title="bbox 197 2356 1260 2451; baseline 0.006 -29"><span class='ocrx_word' id='word_1_139' title='bbox 197 2356 417 2446; x_wconf 90' lang='lat' dir='ltr'>inquisitione</span> <span class='ocrx_word' id='word_1_140' title='bbox 438 2357 613 2447; x_wconf 90' lang='lat' dir='ltr'>cujusdam</span> <span class='ocrx_word' id='word_1_141' title='bbox 634 2358 799 2426; x_wconf 87' lang='lat' dir='ltr'>thesauri.</span> <span class='ocrx_word' id='word_1_142' title='bbox 821 2361 875 2426; x_wconf 81' lang='lat'>40.</span> <span class='ocrx_word' id='word_1_143' title='bbox 899 2361 976 2446; x_wconf 83' lang='lat' dir='ltr'>Quo</span> <span class='ocrx_word' id='word_1_144' title='bbox 996 2360 1098 2438; x_wconf 86' lang='lat' dir='ltr'>lacto,</span> <span class='ocrx_word' id='word_1_145' title='bbox 1123 2361 1260 2451; x_wconf 91' lang='lat' dir='ltr'>quidam</span> 
     </span>
     <span class='ocr_line' id='line_1_20' title="bbox 197 2462 1261 2558; baseline 0.004 -28"><span class='ocrx_word' id='word_1_146' title='bbox 197 2462 352 2530; x_wconf 88' lang='lat' dir='ltr'>serviens</span> <span class='ocrx_word' id='word_1_147' title='bbox 373 2463 454 2530; x_wconf 90' lang='lat' dir='ltr'>dicti</span> <span class='ocrx_word' id='word_1_148' title='bbox 478 2464 603 2531; x_wconf 92' lang='lat' dir='ltr'>domini</span> <span class='ocrx_word' id='word_1_149' title='bbox 624 2465 803 2545; x_wconf 89' lang='lat' dir='ltr'>Johaunis,</span> <span class='ocrx_word' id='word_1_150' title='bbox 822 2466 956 2532; x_wconf 90' lang='lat' dir='ltr'>nominc</span> <span class='ocrx_word' id='word_1_151' title='bbox 976 2466 1160 2546; x_wconf 89' lang='lat' dir='ltr'>Martinus,</span> <span class='ocrx_word' id='word_1_152' title='bbox 1183 2477 1261 2558; x_wconf 90' lang='lat' dir='ltr'>post</span> 
     </span>
     <span class='ocr_line' id='line_1_21' title="bbox 196 2571 1260 2665; baseline 0.005 -30"><span class='ocrx_word' id='word_1_153' title='bbox 196 2594 374 2659; x_wconf 83' lang='lat' dir='ltr'>egressum</span> <span class='ocrx_word' id='word_1_154' title='bbox 402 2571 651 2639; x_wconf 83' lang='lat' dir='ltr'>incantatorum</span> <span class='ocrx_word' id='word_1_155' title='bbox 674 2572 715 2639; x_wconf 93' lang='lat' dir='ltr'>dc</span> <span class='ocrx_word' id='word_1_156' title='bbox 738 2572 850 2651; x_wconf 91' lang='lat' dir='ltr'>domo,</span> <span class='ocrx_word' id='word_1_157' title='bbox 875 2573 1010 2639; x_wconf 90' lang='lat' dir='ltr'>domum</span> <span class='ocrx_word' id='word_1_158' title='bbox 1032 2573 1124 2640; x_wconf 90' lang='lat' dir='ltr'>illam</span> <span class='ocrx_word' id='word_1_159' title='bbox 1149 2574 1260 2665; x_wconf 82' lang='lat' dir='ltr'>ingrc-</span> 
     </span>
     <span class='ocr_line' id='line_1_22' title="bbox 197 2675 1261 2766; baseline 0.005 -25"><span class='ocrx_word' id='word_1_160' title='bbox 197 2675 295 2742; x_wconf 87' lang='lat' dir='ltr'>diens</span> <span class='ocrx_word' id='word_1_161' title='bbox 316 2676 440 2743; x_wconf 90' lang='lat' dir='ltr'>ibidem</span> <span class='ocrx_word' id='word_1_162' title='bbox 462 2677 587 2766; x_wconf 84' lang='lat' dir='ltr'>reperit</span> <span class='ocrx_word' id='word_1_163' title='bbox 613 2677 862 2745; x_wconf 90' lang='lat' dir='ltr'>multitudinem</span> <span class='ocrx_word' id='word_1_164' title='bbox 889 2678 1085 2745; x_wconf 89' lang='lat' dir='ltr'>animalium</span> <span class='ocrx_word' id='word_1_165' title='bbox 1112 2688 1146 2746; x_wconf 91' lang='lat' dir='ltr'>et</span> <span class='ocrx_word' id='word_1_166' title='bbox 1168 2680 1261 2746; x_wconf 91' lang='lat' dir='ltr'>volu·</span> 
     </span>
     <span class='ocr_line' id='line_1_23' title="bbox 198 2782 1259 2876; baseline 0.003 -27"><span class='ocrx_word' id='word_1_167' title='bbox 198 2806 303 2849; x_wconf 90' lang='lat' dir='ltr'>crum.</span> <span class='ocrx_word' id='word_1_168' title='bbox 323 2786 376 2849; x_wconf 77' lang='lat'>41.</span> <span class='ocrx_word' id='word_1_169' title='bbox 396 2785 441 2851; x_wconf 86' lang='lat' dir='ltr'>Et</span> <span class='ocrx_word' id='word_1_170' title='bbox 460 2782 548 2850; x_wconf 91' lang='lat' dir='ltr'>iuter</span> <span class='ocrx_word' id='word_1_171' title='bbox 563 2784 619 2851; x_wconf 94' lang='lat' dir='ltr'>illa</span> <span class='ocrx_word' id='word_1_172' title='bbox 639 2784 799 2851; x_wconf 91' lang='lat' dir='ltr'>animalia</span> <span class='ocrx_word' id='word_1_173' title='bbox 820 2796 917 2853; x_wconf 89' lang='lat' dir='ltr'>crant</span> <span class='ocrx_word' id='word_1_174' title='bbox 937 2795 1008 2852; x_wconf 90' lang='lat' dir='ltr'>tres</span> <span class='ocrx_word' id='word_1_175' title='bbox 1029 2785 1106 2876; x_wconf 90' lang='lat' dir='ltr'>cqui</span> <span class='ocrx_word' id='word_1_176' title='bbox 1126 2785 1259 2854; x_wconf 90' lang='lat' dir='ltr'>cornuti</span> 
     </span>
     <span class='ocr_line' id='line_1_24' title="bbox 197 2889 1260 2983; baseline 0.004 -28"><span class='ocrx_word' id='word_1_177' title='bbox 197 2889 391 2956; x_wconf 88' lang='lat' dir='ltr'>admodum</span> <span class='ocrx_word' id='word_1_178' title='bbox 415 2890 597 2967; x_wconf 84' lang='lat' dir='ltr'>hircorum,</span> <span class='ocrx_word' id='word_1_179' title='bbox 619 2890 814 2959; x_wconf 86' lang='lat' dir='ltr'>emittentes</span> <span class='ocrx_word' id='word_1_180' title='bbox 837 2892 1007 2959; x_wconf 79' lang='lat' dir='ltr'>[lammam</span> <span class='ocrx_word' id='word_1_181' title='bbox 1028 2892 1120 2983; x_wconf 87' lang='lat' dir='ltr'>iguis</span> <span class='ocrx_word' id='word_1_182' title='bbox 1141 2917 1201 2982; x_wconf 89' lang='lat' dir='ltr'>per</span> <span class='ocrx_word' id='word_1_183' title='bbox 1220 2916 1260 2959; x_wconf 89' lang='lat' dir='ltr'>os</span> 
     </span>
     <span class='ocr_line' id='line_1_25' title="bbox 198 2999 1259 3087; baseline 0.003 -25"><span class='ocrx_word' id='word_1_184' title='bbox 198 3007 230 3062; x_wconf 90' lang='lat' dir='ltr'>et</span> <span class='ocrx_word' id='word_1_185' title='bbox 250 3020 443 3077; x_wconf 83' lang='lat' dir='ltr'>secessum3</span> <span class='ocrx_word' id='word_1_186' title='bbox 467 3021 570 3086; x_wconf 89' lang='lat' dir='ltr'>supcr</span> <span class='ocrx_word' id='word_1_187' title='bbox 590 3022 676 3087; x_wconf 86' lang='lat' dir='ltr'>quos</span> <span class='ocrx_word' id='word_1_188' title='bbox 697 3009 793 3065; x_wconf 90' lang='lat' dir='ltr'>crant</span> <span class='ocrx_word' id='word_1_189' title='bbox 813 3009 885 3066; x_wconf 89' lang='lat' dir='ltr'>tres</span> <span class='ocrx_word' id='word_1_190' title='bbox 904 2999 1057 3066; x_wconf 89' lang='lat' dir='ltr'>homines</span> <span class='ocrx_word' id='word_1_191' title='bbox 1079 2999 1259 3066; x_wconf 86' lang='lat' dir='ltr'>horribiles</span> 
     </span>
     <span class='ocr_line' id='line_1_26' title="bbox 196 3105 1259 3193; baseline 0.006 -25"><span class='ocrx_word' id='word_1_192' title='bbox 196 3113 348 3192; x_wconf 84' lang='lat' dir='ltr'>aspectu,</span> <span class='ocrx_word' id='word_1_193' title='bbox 372 3127 517 3193; x_wconf 78' lang='lat' dir='ltr'>magnos</span> <span class='ocrx_word' id='word_1_194' title='bbox 533 3105 672 3171; x_wconf 90' lang='lat' dir='ltr'>baculos</span> <span class='ocrx_word' id='word_1_195' title='bbox 686 3114 842 3172; x_wconf 85' lang='lat' dir='ltr'>tenentes</span> <span class='ocrx_word' id='word_1_196' title='bbox 857 3106 890 3172; x_wconf 90' lang='lat' dir='ltr'>in</span> <span class='ocrx_word' id='word_1_197' title='bbox 911 3106 1081 3186; x_wconf 67' lang='lat' dir='ltr'>manibus</span> <span class='ocrx_word' id='word_1_198' title='bbox 1103 3116 1259 3174; x_wconf 89' lang='lat' dir='ltr'>tenentes</span> 
     </span>
     <span class='ocr_line' id='line_1_27' title="bbox 197 3210 1258 3301; baseline 0.006 -26"><span class='ocrx_word' id='word_1_199' title='bbox 197 3210 315 3276; x_wconf 85' lang='lat' dir='ltr'>laciem</span> <span class='ocrx_word' id='word_1_200' title='bbox 346 3210 388 3276; x_wconf 87' lang='lat' dir='ltr'>ad</span> <span class='ocrx_word' id='word_1_201' title='bbox 422 3210 564 3277; x_wconf 84' lang='lat' dir='ltr'>caudam</span> <span class='ocrx_word' id='word_1_202' title='bbox 598 3224 782 3301; x_wconf 84' lang='lat' dir='ltr'>equorum.&#39;</span> <span class='ocrx_word' id='word_1_203' title='bbox 803 3214 856 3279; x_wconf 74' lang='lat'>42.</span> <span class='ocrx_word' id='word_1_204' title='bbox 879 3215 965 3300; x_wconf 84' lang='lat' dir='ltr'>Quae</span> <span class='ocrx_word' id='word_1_205' title='bbox 994 3213 1116 3280; x_wconf 85' lang='lat' dir='ltr'>videns</span> <span class='ocrx_word' id='word_1_206' title='bbox 1147 3213 1258 3281; x_wconf 87' lang='lat' dir='ltr'>dictus</span> 
     </span>
     <span class='ocr_line' id='line_1_28' title="bbox 197 3316 1258 3411; baseline 0.004 -28"><span class='ocrx_word' id='word_1_207' title='bbox 197 3316 380 3395; x_wconf 84' lang='lat' dir='ltr'>Martinus,</span> <span class='ocrx_word' id='word_1_208' title='bbox 399 3318 501 3383; x_wconf 91' lang='lat' dir='ltr'>nimio</span> <span class='ocrx_word' id='word_1_209' title='bbox 522 3329 651 3385; x_wconf 84' lang='lat' dir='ltr'>terrore</span> <span class='ocrx_word' id='word_1_210' title='bbox 672 3319 886 3408; x_wconf 87' lang='lat' dir='ltr'>perterritus,</span> <span class='ocrx_word' id='word_1_211' title='bbox 905 3319 1014 3388; x_wconf 89' lang='lat' dir='ltr'>voluit</span> <span class='ocrx_word' id='word_1_212' title='bbox 1034 3320 1099 3387; x_wconf 90' lang='lat' dir='ltr'>sibi</span> <span class='ocrx_word' id='word_1_213' title='bbox 1120 3321 1258 3411; x_wconf 79' lang='lat' dir='ltr'>siguum</span> 
     </span>
     <span class='ocr_line' id='line_1_29' title="bbox 195 3423 1259 3515; baseline 0.005 -27"><span class='ocrx_word' id='word_1_214' title='bbox 195 3423 304 3489; x_wconf 88' lang='lat' dir='ltr'>crucis</span> <span class='ocrx_word' id='word_1_215' title='bbox 325 3423 537 3513; x_wconf 82' lang='lat' dir='ltr'>imprimerc3</span> <span class='ocrx_word' id='word_1_216' title='bbox 568 3425 627 3490; x_wconf 88' lang='lat' dir='ltr'>sed</span> <span class='ocrx_word' id='word_1_217' title='bbox 649 3448 715 3491; x_wconf 93' lang='lat' dir='ltr'>non</span> <span class='ocrx_word' id='word_1_218' title='bbox 734 3426 857 3515; x_wconf 91' lang='lat' dir='ltr'>potuit.</span> <span class='ocrx_word' id='word_1_219' title='bbox 881 3425 1046 3512; x_wconf 76' lang='lat' dir='ltr'>Quaedam</span> <span class='ocrx_word' id='word_1_220' title='bbox 1074 3426 1163 3493; x_wconf 89' lang='lat' dir='ltr'>enim</span> <span class='ocrx_word' id='word_1_221' title='bbox 1183 3427 1259 3494; x_wconf 94' lang='lat' dir='ltr'>illo-</span> 
     </span>
     <span class='ocr_line' id='line_1_30' title="bbox 196 3530 1259 3623; baseline 0.005 -27"><span class='ocrx_word' id='word_1_222' title='bbox 196 3554 269 3596; x_wconf 92' lang='lat' dir='ltr'>rum</span> <span class='ocrx_word' id='word_1_223' title='bbox 294 3530 490 3596; x_wconf 90' lang='lat' dir='ltr'>animalium</span> <span class='ocrx_word' id='word_1_224' title='bbox 519 3530 754 3620; x_wconf 81' lang='lat' dir='ltr'>deprimebant</span> <span class='ocrx_word' id='word_1_225' title='bbox 784 3533 849 3599; x_wconf 90' lang='lat' dir='ltr'>sibi</span> <span class='ocrx_word' id='word_1_226' title='bbox 879 3556 1013 3611; x_wconf 92' lang='lat' dir='ltr'>manus,</span> <span class='ocrx_word' id='word_1_227' title='bbox 1034 3533 1082 3601; x_wconf 89' lang='lat' dir='ltr'>ita</span> <span class='ocrx_word' id='word_1_228' title='bbox 1107 3534 1195 3623; x_wconf 94' lang='lat' dir='ltr'>quod</span> <span class='ocrx_word' id='word_1_229' title='bbox 1216 3533 1259 3601; x_wconf 93' lang='lat' dir='ltr'>ad</span> 
     </span>
     <span class='ocr_line' id='line_1_31' title="bbox 195 3637 1259 3731; baseline 0.004 -29"><span class='ocrx_word' id='word_1_230' title='bbox 195 3637 314 3703; x_wconf 81' lang='lat' dir='ltr'>faciem</span> <span class='ocrx_word' id='word_1_231' title='bbox 331 3662 390 3703; x_wconf 92' lang='lat' dir='ltr'>cas</span> <span class='ocrx_word' id='word_1_232' title='bbox 402 3638 516 3704; x_wconf 86' lang='lat' dir='ltr'>levarc</span> <span class='ocrx_word' id='word_1_233' title='bbox 533 3661 599 3704; x_wconf 93' lang='lat' dir='ltr'>non</span> <span class='ocrx_word' id='word_1_234' title='bbox 615 3649 749 3728; x_wconf 89' lang='lat' dir='ltr'>poterat</span> <span class='ocrx_word' id='word_1_235' title='bbox 764 3648 801 3705; x_wconf 90' lang='lat' dir='ltr'>ut</span> <span class='ocrx_word' id='word_1_236' title='bbox 815 3639 881 3706; x_wconf 87' lang='lat' dir='ltr'>sihi</span> <span class='ocrx_word' id='word_1_237' title='bbox 896 3640 1105 3731; x_wconf 89' lang='lat' dir='ltr'>imprimeret</span> <span class='ocrx_word' id='word_1_238' title='bbox 1120 3640 1259 3731; x_wconf 87' lang='lat' dir='ltr'>signum</span> 
     </span>
    </p>
   </div>
   <div class='ocr_carea' id='block_1_3' title="bbox 221 3824 1164 3883">
    <p class='ocr_par' dir='ltr' id='par_1_4' title="bbox 221 3824 1164 3883">
     <span class='ocr_line' id='line_1_32' title="bbox 221 3824 1164 3883; baseline 0.004 -16"><span class='ocrx_word' id='word_1_239' title='bbox 221 3837 243 3867; x_wconf 85' lang='lat' dir='ltr'>a.</span> <span class='ocrx_word' id='word_1_240' title='bbox 258 3824 291 3867; x_wconf 81' lang='lat' dir='ltr'>Le</span> <span class='ocrx_word' id='word_1_241' title='bbox 302 3837 353 3867; x_wconf 84' lang='lat' dir='ltr'>nom</span> <span class='ocrx_word' id='word_1_242' title='bbox 365 3835 400 3867; x_wconf 77' lang='lat' dir='ltr'>cst</span> <span class='ocrx_word' id='word_1_243' title='bbox 411 3825 531 3878; x_wconf 70' lang='lat' dir='ltr'>incertum</span> <span class='ocrx_word' id='word_1_244' title='bbox 544 3827 563 3868; x_wconf 88' lang='lat' dir='ltr'>lc</span> <span class='ocrx_word' id='word_1_245' title='bbox 575 3826 633 3868; x_wconf 79' lang='lat' dir='ltr'>texte</span> <span class='ocrx_word' id='word_1_246' title='bbox 644 3829 706 3881; x_wconf 87' lang='lat' dir='ltr'>porte</span> <span class='ocrx_word' id='word_1_247' title='bbox 720 3827 845 3871; x_wconf 80' lang='lat' dir='ltr'>Custcner.</span> <span class='ocrx_word' id='word_1_248' title='bbox 856 3849 881 3859; x_wconf 96' lang='lat'><em>-</em></span> <span class='ocrx_word' id='word_1_249' title='bbox 892 3827 914 3871; x_wconf 84' lang='grc' dir='ltr'>ὸ.</span> <span class='ocrx_word' id='word_1_250' title='bbox 926 3827 997 3871; x_wconf 73' lang='lat' dir='ltr'>Teate</span> <span class='ocrx_word' id='word_1_251' title='bbox 1010 3827 1035 3871; x_wconf 79' lang='lat' dir='ltr'>in</span> <span class='ocrx_word' id='word_1_252' title='bbox 1046 3839 1096 3883; x_wconf 67' lang='lat' dir='ltr'>qtae</span> <span class='ocrx_word' id='word_1_253' title='bbox 1106 3828 1164 3872; x_wconf 84' lang='lat' dir='ltr'>duo.</span> 
     </span>
    </p>
   </div>
   <div class='ocr_carea' id='block_1_4' title="bbox 196 4003 1259 4311">
    <p class='ocr_par' dir='ltr' id='par_1_5' title="bbox 196 4003 1259 4311">
     <span class='ocr_line' id='line_1_33' title="bbox 228 4003 1259 4070; baseline 0.006 -19"><span class='ocrx_word' id='word_1_254' title='bbox 228 4007 248 4052; x_wconf 82' lang='lat'>1.</span> <span class='ocrx_word' id='word_1_255' title='bbox 267 4004 336 4052; x_wconf 85' lang='lat' dir='ltr'>Jcan</span> <span class='ocrx_word' id='word_1_256' title='bbox 355 4003 470 4066; x_wconf 80' lang='lat' dir='ltr'>ltigauld</span> <span class='ocrx_word' id='word_1_257' title='bbox 492 4003 563 4067; x_wconf 81' lang='lat' dir='ltr'>(cap.</span> <span class='ocrx_word' id='word_1_258' title='bbox 586 4005 619 4059; x_wconf 75' lang='grc' dir='ltr'>Χ,</span> <span class='ocrx_word' id='word_1_259' title='bbox 643 4004 685 4053; x_wconf 78' lang='lat' dir='ltr'>cd.</span> <span class='ocrx_word' id='word_1_260' title='bbox 708 4004 744 4054; x_wconf 92' lang='lat' dir='ltr'>du</span> <span class='ocrx_word' id='word_1_261' title='bbox 760 4005 790 4054; x_wconf 83' lang='grc' dir='ltr'>Ρ.</span> <span class='ocrx_word' id='word_1_262' title='bbox 812 4005 977 4066; x_wconf 85' lang='lat' dir='ltr'>Fcrdinand,</span> <span class='ocrx_word' id='word_1_263' title='bbox 993 4021 1020 4070; x_wconf 91' lang='lat' dir='ltr'>p.</span> <span class='ocrx_word' id='word_1_264' title='bbox 1037 4007 1153 4070; x_wconf 64' lang='lat'>132-1311)</span> <span class='ocrx_word' id='word_1_265' title='bbox 1169 4005 1259 4057; x_wconf 86' lang='lat' dir='ltr'>donno</span> 
     </span>
     <span class='ocr_line' id='line_1_34' title="bbox 197 4083 1258 4148; baseline 0.003 -15"><span class='ocrx_word' id='word_1_266' title='bbox 197 4085 221 4133; x_wconf 90' lang='lat' dir='ltr'>le</span> <span class='ocrx_word' id='word_1_267' title='bbox 236 4085 302 4132; x_wconf 72' lang='lat' dir='ltr'>rccit</span> <span class='ocrx_word' id='word_1_268' title='bbox 318 4083 351 4132; x_wconf 79' lang='lat' dir='ltr'>dc</span> <span class='ocrx_word' id='word_1_269' title='bbox 367 4098 396 4133; x_wconf 86' lang='lat' dir='ltr'>cc</span> <span class='ocrx_word' id='word_1_270' title='bbox 411 4084 531 4142; x_wconf 86' lang='lat' dir='ltr'>miraclc,</span> <span class='ocrx_word' id='word_1_271' title='bbox 545 4085 609 4148; x_wconf 80' lang='lat' dir='ltr'>qu&#39;il</span> <span class='ocrx_word' id='word_1_272' title='bbox 620 4089 765 4148; x_wconf 89' lang='lat' dir='ltr'>cmpruntc</span> <span class='ocrx_word' id='word_1_273' title='bbox 779 4088 930 4147; x_wconf 83' lang='lat' dir='ltr'>toujoursa</span> <span class='ocrx_word' id='word_1_274' title='bbox 948 4086 1040 4135; x_wconf 81' lang='lat' dir='ltr'>l&#39;icrre</span> <span class='ocrx_word' id='word_1_275' title='bbox 1056 4085 1205 4147; x_wconf 79' lang='lat' dir='ltr'>Raymond.</span> <span class='ocrx_word' id='word_1_276' title='bbox 1221 4086 1258 4136; x_wconf 88' lang='lat' dir='ltr'>Lo</span> 
     </span>
     <span class='ocr_line' id='line_1_35' title="bbox 197 4164 1257 4228; baseline 0.005 -17"><span class='ocrx_word' id='word_1_277' title='bbox 197 4164 246 4225; x_wconf 70' lang='lat' dir='ltr'>tls.</span> <span class='ocrx_word' id='word_1_278' title='bbox 264 4164 330 4213; x_wconf 83' lang='lat' dir='ltr'>l‘ad.</span> <span class='ocrx_word' id='word_1_279' title='bbox 357 4169 383 4212; x_wconf 64' lang='grc' dir='ltr'>Ἧι</span> <span class='ocrx_word' id='word_1_280' title='bbox 405 4179 421 4212; x_wconf 87' lang='lat' dir='ltr'>a</span> <span class='ocrx_word' id='word_1_281' title='bbox 437 4165 473 4212; x_wconf 82' lang='lat' dir='ltr'>dd</span> <span class='ocrx_word' id='word_1_282' title='bbox 489 4166 582 4228; x_wconf 76' lang='lat' dir='ltr'>pulser</span> <span class='ocrx_word' id='word_1_283' title='bbox 604 4164 674 4214; x_wconf 87' lang='lat' dir='ltr'>dans</span> <span class='ocrx_word' id='word_1_284' title='bbox 697 4167 722 4216; x_wconf 88' lang='lat' dir='ltr'>lc</span> <span class='ocrx_word' id='word_1_285' title='bbox 745 4167 831 4215; x_wconf 65' lang='lat' dir='ltr'>meme</span> <span class='ocrx_word' id='word_1_286' title='bbox 852 4167 961 4215; x_wconf 87' lang='lat' dir='ltr'>recueil.</span> <span class='ocrx_word' id='word_1_287' title='bbox 977 4167 1000 4215; x_wconf 90' lang='grc' dir='ltr'>ΙΙ</span> <span class='ocrx_word' id='word_1_288' title='bbox 1016 4169 1098 4228; x_wconf 86' lang='lat' dir='ltr'>omet‚</span> <span class='ocrx_word' id='word_1_289' title='bbox 1119 4166 1257 4226; x_wconf 69' lang='lat' dir='ltr'>toutefois</span> 
     </span>
     <span class='ocr_line' id='line_1_36' title="bbox 196 4244 1039 4311; baseline 0.006 -19"><span class='ocrx_word' id='word_1_290' title='bbox 196 4244 333 4310; x_wconf 85' lang='lat' dir='ltr'>plusieurs</span> <span class='ocrx_word' id='word_1_291' title='bbox 346 4245 549 4309; x_wconf 75' lang='lat' dir='ltr'>particularitcs</span> <span class='ocrx_word' id='word_1_292' title='bbox 565 4246 627 4311; x_wconf 87' lang='lat' dir='ltr'>qu&#39;a</span> <span class='ocrx_word' id='word_1_293' title='bbox 641 4245 813 4311; x_wconf 74' lang='lat' dir='ltr'>roproduItes</span> <span class='ocrx_word' id='word_1_294' title='bbox 827 4247 896 4299; x_wconf 79' lang='lat' dir='ltr'>leun</span> <span class='ocrx_word' id='word_1_295' title='bbox 912 4245 1039 4310; x_wconf 82' lang='lat' dir='ltr'>Rigauld.</span> 
     </span>
    </p>
   </div>
   <div class='ocr_carea' id='block_1_5' title="bbox 0 0 1472 4822">
    <p class='ocr_par' dir='ltr' id='par_1_6' title="bbox 0 0 1472 4822">
     <span class='ocr_line' id='line_1_37' title="bbox 0 0 1472 4822; baseline 0 1"><span class='ocrx_word' id='word_1_296' title='bbox 0 0 1472 4822; x_wconf 95' lang='lat' dir='ltr'> </span> 
     </span>
    </p>
   </div>
  </div>
 </body>
</html>
