2934 4822
383 369 413 415 S.
440 367 769 415 eunomianorum
795 373 812 408 ι
834 366 1044 413 semeonis
1067 373 1083 407 ιι
1198 347 1265 415 225

199 507 345 598 expleto,
383 507 417 574 in
455 531 491 574 sc
529 507 618 574 illico
662 505 810 594 rediens,
845 505 1140 596 prcedicationem.
1161 529 1262 595 quam

199 623 350 704 coeperat
369 613 432 681 suit
452 614 592 705 egregie
612 622 815 704 prosecutus
835 615 857 681 ¹.

242 725 276 790 8.
303 722 495 811 Quumque,
518 721 626 788 altera
647 720 736 807 vice,
754 718 891 787 humilis
912 719 1043 789 Christi
1064 743 1200 799 servus,
1221 718 1265 799 de

198 828 345 919 quadarn
373 828 615 918 praedicatione
636 827 785 907 rediens,
807 851 867 917 per
892 827 957 894 iter
976 825 1171 895 solitudinis
1191 849 1266 908 am·,

196 935 342 1014 bularct,
360 946 398 1002 ut
410 934 584 1002 redeuntis
602 933 829 1002 multitudinis
845 933 1031 1001 declinaret
1046 932 1265 1023 applausum,

197 1041 317 1109 mulier
344 1041 512 1131 quandam,
531 1051 564 1108 et
592 1040 667 1131 ipsa
687 1065 748 1131 per
767 1040 1002 1130 compendium
1024 1039 1203 1107 ambulans
1223 1061 1264 1106 ao

198 1159 354 1216 sanctum
375 1148 438 1215 Dei
458 1172 518 1238 per
539 1147 639 1214 devia
654 1171 797 1237 qumque
817 1146 1007 1238 requirens,
1023 1146 1128 1214 silium
1148 1169 1260 1226 suum,

197 1255 348 1323 brachiis
364 1266 397 1322 et
413 1255 569 1323 cruribus
585 1279 605 1322 a
621 1254 801 1322 nativitate
820 1264 1044 1333 contractum,
1059 1264 1179 1321 sancto
1195 1252 1261 1320 sibi

197 1362 298 1430 obvio
317 1363 461 1452 projecit
476 1362 518 1428 ad
534 1361 651 1451 pedes,
665 1361 852 1428 obsecrans
868 1361 1053 1451 gemitibus
1069 1359 1262 1440 lacrimosis

197 1480 247 1546 ut,
265 1469 427 1536 desolatae
448 1468 575 1535 matria
592 1467 802 1558 compatiens
814 1467 840 1543 ⁶,
862 1467 996 1558 abipso
1016 1467 1126 1534 crucis
1143 1467 1262 1559 signa·

199 1576 273 1642 culo
292 1575 446 1643 benedici
476 1586 676 1642 moreretur.
706 1577 739 1643 9.
769 1574 938 1664 Sperabat
966 1573 1090 1664 quippe
1118 1574 1262 1652 lirmiter¹

198 1683 324 1750 dictum
345 1706 485 1772 puerum
510 1682 599 1749 illico
624 1681 695 1749 lore
716 1681 918 1749 sanandum.
944 1684 996 1748 10.
1018 1681 1118 1767 Quod
1139 1705 1263 1758 servus

198 1789 341 1866 Christi,
364 1788 530 1878 profunda
554 1788 719 1879 praeditus
744 1787 946 1866 humilitate,
968 1811 1071 1877 quum
1091 1786 1261 1854 declinare

197 1896 363 1975 studeret,
387 1896 457 1973 illa,
483 1895 641 1985 planctus
669 1918 886 1986 exaggerans
913 1904 947 1961 et
971 1918 1090 1984 preces
1116 1893 1262 1985 ingemi-

197 2026 295 2087 nans,
313 2002 460 2069 clamare
482 2002 584 2091 coepit
603 2001 810 2069 instantius:
836 2000 991 2086 Domine,
1005 2012 1104 2091 pater
1120 2001 1260 2087 Antoni,

197 2110 359 2177 miserere
379 2109 456 2175 mei.
477 2111 529 2177 11.
544 2109 697 2176 Tandem
718 2108 794 2199 pius
811 2117 920 2198 pater,
938 2108 1071 2175 alllictae
1092 2107 1212 2176 matris
1228 2116 1262 2176 et

196 2216 392 2306 languentis
412 2215 518 2306 prolis
538 2215 775 2306 compassione
791 2226 977 2305 permotus,
995 2225 1157 2282 exorante
1176 2212 1260 2281 nihi·

196 2323 343 2390 lominus
365 2323 457 2390 socio
480 2323 584 2389 lratre
602 2326 708 2407 Luca,
724 2322 798 2389 viro
818 2321 971 2389 bonitate
993 2322 1136 2408 famose,
1158 2321 1260 2413 signo

198 2431 309 2498 crucis
325 2430 428 2506 edite,
450 2453 582 2519 aegrum
601 2428 635 2496 in
655 2429 787 2499 Christi
806 2430 932 2496 virtute
949 2452 988 2496 ac
1003 2429 1138 2496 nomine
1156 2429 1260 2497 bene·

197 2536 293 2605 dixit.
319 2540 371 2604 12.
386 2536 543 2604 Mirabile
559 2536 673 2603 dictu!
700 2535 793 2603 lllico
812 2559 896 2626 puer
916 2535 1064 2603 surrexit
1086 2559 1192 2603 sanus
1211 2545 1257 2618 et,

197 2667 295 2733 quem
327 2653 436 2710 metor
462 2642 574 2711 tristis
598 2643 768 2710 infirmum
794 2651 1004 2731 portaverat,
1029 2642 1259 2710 ambulantem

196 2751 323 2818 virtute
353 2750 471 2840 propia
501 2750 636 2817 domum
662 2749 839 2816 laelissima
870 2749 1079 2838 reportabat.
1114 2751 1166 2819 13.
1196 2749 1260 2818 Vir

198 2881 330 2948 quoque
348 2867 501 2934 sanctus,
519 2880 585 2923 non
602 2856 664 2923 hoc
680 2856 753 2923 suis
770 2855 913 2935 meritis
932 2855 999 2923 imo
1014 2854 1093 2923 fidei
1107 2855 1259 2923 mulieris

197 2964 405 3048 adseri-[147
427 2988 445 3030 a
471 2963 604 3044 2]bens,
627 2962 765 3052 rogavit
784 2986 858 3029 eam
873 2961 976 3053 quod,
993 2986 1097 3052 quum
1112 2962 1257 3051 viveret,

195 3070 277 3137 nulli
294 3095 365 3138 rem
385 3070 580 3160 propalaret
592 3091 616 3136 e.

221 3307 242 3336 a.
255 3293 326 3336 Timo
338 3296 424 3337 matre.
437 3316 461 3326 -
475 3293 496 3334 h.
510 3293 543 3336 ici
556 3305 637 3336 encore
651 3293 671 3335 lu
684 3293 835 3336 construction
849 3293 876 3336 de
890 3293 910 3335 Ιιι
925 3293 1005 3347 phrase
1017 3293 1053 3336 cel
1064 3292 1196 3336 incorrecte.

229 3493 250 3537 i.
270 3489 322 3538 Les
343 3489 485 3539 ‹rddilr'ons
501 3487 536 3538 du
557 3488 607 3538 ils.
630 3487 664 3538 do
680 3487 832 3538 Lucerneii
850 3487 877 3537 la
891 3488 1008 3553 legendo
1026 3489 1117 3553 prima
1137 3487 1260 3538 donnenl

197 3570 272 3617 aussi
292 3583 322 3618 ce
344 3571 416 3619 irait.
434 3571 480 3631 (V.
499 3581 601 3632 supra:
624 3568 696 3618 Add.
716 3568 750 3624 ii,
766 3578 803 3617 n··
821 3569 881 3632 l-u.)
904 3569 976 3619 Leur
990 3571 1063 3620 texte
1079 3569 1189 3633 iusqu't
1202 3568 1259 3634 Quo

196 3664 229 3696 erc
242 3650 292 3698 hoc
308 3650 421 3698 nimium
436 3649 543 3698 deleme
556 3652 599 3698 est
611 3647 751 3711 ldenlique
760 3662 796 3697 au
811 3651 906 3709 notre;
921 3649 946 3699 le
961 3652 1033 3700 reste
1045 3649 1113 3699 olire
1125 3648 1260 3713 quelques

197 3730 350 3777 inversione
369 3733 397 3779 el
414 3729 547 3794 quelques
563 3729 713 3778 variantes.
730 3728 768 3778 Le
781 3728 863 3779 Liber
885 3729 1082 3779 miraculorum
1096 3729 1135 3792 (n·
1149 3730 1173 3791 8)
1188 3741 1260 3779 com-

196 3823 291 3858 rncnco
307 3809 331 3858 ie
349 3812 416 3858 rcoit
431 3809 465 3859 de
483 3823 513 3859 co
529 3808 641 3859 miraclc
656 3821 707 3873 par
724 3823 770 3858 ces
787 3813 873 3860 mols:
888 3809 984 3861 Simile
999 3810 1054 3860 siti
1068 3808 1260 3875 contigissem

195 3888 435 3953 lloulrpessulnnu
455 3890 557 3953 legitur
573 3889 601 3939 ιἰι
623 3889 742 3952 quodum
760 3888 819 3950 esus
842 3889 935 3939 sancii
957 3889 1074 3955 legendo
1092 3889 1142 3938 hoc
1165 3887 1261 3943 modo:

196 3972 259 4033 puis
280 3970 297 4018 ii
313 3970 456 4033 reprodull
471 3972 527 4019 mot
541 3970 557 4018 ἐι
574 3972 630 4018 mol
645 3968 671 4018 ln
687 3969 821 4032 premiere
836 3970 925 4034 perlis
938 3969 972 4020 dc
992 3972 1070 4020 noire
1086 3972 1168 4019 texte.
1185 3968 1208 4018 ll
1226 3981 1260 4018 en

196 4051 273 4114 copie
286 4051 362 4100 aussi
375 4049 401 4098 la
416 4050 460 4109 lin,
476 4051 545 4098 mais
558 4062 625 4098 avec
638 4049 771 4114 quelques
784 4050 933 4100 variantes.
950 4049 1049 4100 Paulin
1063 4049 1097 4100 de
1111 4049 1260 4100 Pouzzoles

196 4145 211 4178 n
226 4129 260 4178 de
275 4143 305 4178 ce
321 4130 370 4179 lail
384 4144 420 4179 un
435 4130 502 4179 rccit
513 4144 548 4179 un
561 4142 615 4194 peu
628 4130 690 4193 pius
706 4132 793 4180 court.
809 4129 831 4179 11
847 4132 902 4179 met
914 4129 939 4178 le
953 4129 1065 4180 miruolo
1079 4130 1096 4179 d
1108 4128 1258 4180 Toulouse.

225 4215 248 4258 2.
268 4210 305 4259 Le
322 4209 402 4260 tiber
416 4211 612 4261 miraculorum
627 4210 666 4272 (n·
679 4209 719 4273 29)
735 4207 877 4276 reprodull
891 4209 1089 4261 litteralemenl
1103 4209 1128 4260 le
1140 4211 1213 4261 texte
1225 4209 1260 4260 de

1208 4324 1234 4370 15
