2934 4822
429 347 459 394 s,
485 346 630 392 aurorur
655 347 816 394 reusam
841 348 962 408 rarus,
990 329 1031 396 19
1220 329 1263 397 59

196 497 306 577 pater,
336 496 446 577 pater,
473 486 625 577 inquam,
653 487 789 574 Paduae,
825 511 946 555 currus
975 487 1049 579 ejus
1078 497 1112 555 et
1140 488 1264 579 auriga

196 593 426 684 ipsiuleuo
446 593 666 684 progrederis
696 593 770 661 sine
796 594 889 673 liliis,
924 595 1119 663 venerande
1150 605 1261 687 pater,

198 710 257 768 aut
275 700 379 791 quise
399 701 498 768 nobis
518 699 683 791 orphanis
708 701 756 768 tui
780 702 902 769 similis
927 701 1146 770 invenieturl
1165 703 1263 770 verbi

199 808 261 875 Dei
280 807 451 876 veridicus
472 808 720 875 annuntiator?
741 812 778 875 ln
799 808 939 877 Christo
959 808 1072 876 enim⁶
1095 814 1177 878 lesu
1203 833 1264 901 per

198 914 413 1006 evangelium
428 924 465 982 tu
485 939 548 982 nos
569 914 732 1004 genuisti.
755 918 786 983 7.
811 915 878 995 sie,
897 915 974 983 sict
994 915 1152 983 nimirum
1176 939 1262 983 com·

199 1021 310 1088 munis
322 1021 492 1088 omnium⁶
505 1021 602 1088 dolor
612 1022 815 1089 etmoestitia
827 1021 1029 1114 singularis,
1040 1023 1262 1114 ingeminatis

199 1128 359 1219 suspiriis
379 1138 413 1196 et
426 1128 568 1196 elevatis
589 1129 623 1195 in
639 1152 719 1195 aera
738 1129 893 1207 vocibus,
911 1129 1114 1197 intuentium
1130 1129 1262 1198 animos

199 1235 242 1303 ad
262 1235 538 1305 lamentationem
560 1245 593 1302 et
608 1236 735 1303 luctum
750 1235 931 1303 invitabat.

202 1672 258 1730 19.
289 1673 341 1729 De
367 1671 520 1741 planctu
547 1669 788 1728 Dominarum
802 1672 840 1728 et
860 1673 1039 1741 quomodo
1064 1671 1263 1730 laborave-

259 1771 346 1827 runt
363 1771 412 1827 ad
424 1771 635 1827 habendum
652 1781 787 1839 corpus
800 1768 882 1839 ejus
902 1765 922 1825 l.

247 2086 276 2150 1.
317 2084 508 2170 Quantusr
545 2082 657 2150 luctus
697 2083 888 2163 omnium'·‚
928 2094 1056 2173 quanta
1093 2085 1263 2176 praecipue

200 2188 350 2256 lamenta
374 2191 565 2279 Pauperum
588 2188 809 2256 Dominarum
821 2195 831 2256 l·
851 2192 936 2278 Quae
952 2191 973 2264 f,
1006 2190 1206 2258 muliebrisl
1227 2203 1265 2259 ut

201 2308 298 2364 erant
318 2296 435 2376 animi,
457 2297 624 2387 imperare
644 2319 858 2386 nequaquam
874 2297 1034 2364 valebant
1049 2298 1166 2378 lletui3
1188 2299 1263 2377 sed,

200 2404 258 2470 etl
272 2404 313 2470 de
337 2403 504 2493 prolundo
529 2403 641 2469 cordis
670 2403 949 2494 ingemiscentes
977 2404 1157 2494 plorabant
1182 2406 1264 2473 lletu

201 2510 461 2577 inconsolabili:
481 2514 512 2576 2.
535 2513 606 2575 Heu
623 2509 740 2576 nobis!
764 2509 994 2600 ingeminant;
1016 2511 1264 2602 benignissime

202 2627 310 2706 pater,
339 2616 489 2707 utquid,
516 2616 668 2683 tenebis
695 2616 965 2684 irrevocabiliter
991 2617 1138 2694 sublata,
1156 2629 1265 2686 mater

200 2722 439 2789 amaritudinis
472 2746 565 2789 mors
595 2722 638 2789 ad
676 2732 810 2813 tempus
842 2724 993 2813 pepercit
1024 2733 1062 2790 ut
1094 2724 1264 2791 crudelius

200 2830 394 2897 laniarct‘?
428 2833 460 2896 3.
495 2829 691 2896 Sulliciebat
723 2829 822 2896 nobis
853 2840 1039 2920 paupertas
1067 2842 1198 2907 nostra,
1228 2841 1266 2899 ut

201 2936 340 3003 divitias
374 2945 660 3026 computaremus,
700 2935 790 3026 quod
820 2936 991 3014 videlicet,
1027 2961 1128 3027 quem
1157 2938 1265 3005 oculis

201 3044 315 3111 carnis
342 3042 457 3109 videre
491 3057 591 3109 nunm
626 3043 822 3121 meruimus,
859 3043 981 3110 saltem
1012 3044 1155 3110 verbum
1184 3045 1265 3112 vitae

202 3150 335 3217 cacteris
377 3149 619 3239 praedicantem
667 3149 783 3216 audire
822 3161 1029 3241 utcumque'¹
1069 3174 1262 3241 possemus,

201 3261 233 3323 4.
256 3258 436 3347 Quumque
463 3256 534 3323 baec
555 3267 588 3323 et
611 3256 678 3323 alia
705 3256 929 3346 gemebundis
960 3258 1102 3324 vocibus
1130 3258 1265 3324 concla-

202 3374 334 3430 marent
348 3377 375 3437 ⁰,
398 3362 534 3429 luerunt
553 3377 657 3452 quaet
677 3362 851 3430 dicerent:
876 3367 923 3431 Ut
938 3364 1018 3453 quid
1038 3374 1090 3431 tot
1105 3363 1265 3431 lacrimas

202 3480 236 3538 et
252 3469 401 3560 suspiria
422 3469 601 3558 singultu?
622 3470 719 3559 plena
742 3470 937 3536 inventum
957 3470 1174 3560 proferimus,
1192 3480 1263 3548 aut,

227 3724 249 3756 a.
260 3711 313 3756 Alc.
322 3711 362 3756 286
370 3723 440 3765 quos.
452 3734 478 3743 -
494 3710 516 3754 b.
529 3710 605 3766 Lepon
616 3711 643 3754 de
656 3711 722 3762 Luc..
739 3710 827 3755 Pudet
843 3710 917 3754 Puris.
930 3710 982 3755 Alc.
994 3711 1033 3756 286
1046 3720 1068 3753 er
1078 3710 1130 3754 Alc.
1143 3710 1183 3754 293
1198 3710 1269 3754 inue-

200 3783 277 3827 nitur.
295 3795 357 3826 -c.
376 3783 575 3827 intemerate.
595 3785 635 3826 293
652 3795 697 3826 om.
717 3792 793 3825 annu.
818 3781 1026 3825 -d.1‘erisom.
1046 3782 1218 3825 {esecondaic
1242 3805 1267 3814 ·-

200 3867 221 3898 e.
235 3854 301 3898 Parte
317 3853 443 3897 omuibus.
458 3876 484 3887 -
499 3853 516 3908 s.
529 3854 584 3897 Pad.
600 3866 644 3896 om.
656 3853 718 3907 ejus
736 3852 802 3896 Puris
812 3853 885 3896 donne
895 3865 982 3896 comme
999 3853 1051 3896 titre
1067 3852 1162 3898 Luctus
1180 3853 1269 3896 Domi-

200 3936 292 3968 narum
313 3924 465 3978 Pauperum.
476 3946 503 3956 -
516 3938 539 3978 p.
553 3925 618 3973 Luc..
637 3924 702 3976 Part..
721 3923 787 3968 Puris
801 3925 821 3967 0
835 3928 953 3978 uersutus.
974 3947 1000 3956 -
1017 3925 1041 3968 b.
1058 3925 1110 3968 Alc.
1121 3924 1160 3969 286
1176 3928 1198 3967 et
1216 3925 1267 3968 Alc.

200 3997 240 4040 293
250 3994 393 4039 hominurn.
404 4017 431 4026 —
442 3996 458 4039 i.
470 3997 522 4039 Alc.
537 3995 585 4048 286,
600 3995 652 4039 Alc.
668 3995 716 4048 223,
733 3995 799 4047 Luc..
809 3995 876 4039 Paris
886 3996 1020 4039 intercalent
1030 3995 1059 4037 ici
1071 3995 1138 4048 uaria.
1151 3994 1203 4048 -j.
1215 3996 1268 4040 Alc.

201 4066 241 4111 286
250 4077 272 4108 er
282 4065 334 4109 Alc.
345 4066 385 4110 293
402 4065 559 4110 mulieribus.
576 4089 603 4098 -
623 4066 645 4109 lr.
657 4066 713 4111 rau.
725 4079 770 4109 om.
782 4070 812 4111 ct.
823 4089 849 4098 -
863 4066 879 4110 l.
891 4065 948 4111 Luc.
961 4066 1101 4109 damnaret.
1114 4088 1140 4097 —
1156 4077 1189 4109 m.
1202 4065 1269 4109 Puris

202 4149 246 4182 om.
263 4149 321 4181 non.
332 4160 359 4170 -
370 4151 394 4181 u.
405 4138 456 4181 Alc.
467 4137 507 4182 286
523 4147 545 4180 et
562 4138 614 4181 Alc.
631 4137 828 4192 Quaecumque.
848 4159 874 4170 -
890 4150 913 4181 υ.
927 4137 994 4181 Paris
1012 4136 1224 4181 coltacrr'ruarent.
1240 4160 1267 4172 -

200 4222 227 4268 p.
240 4207 298 4253 Luc.
311 4208 363 4266 qui.
376 4229 401 4241 -
417 4219 440 4266 q.
455 4207 522 4252 Paris
537 4208 699 4264 singultibus.
