2934 4822
422 402 450 448 s.
478 401 624 448 aurona
648 401 809 448 uaouuoa
834 401 955 462 rums,
985 383 1024 449 11
1162 438 1166 446 .
1211 383 1255 449 43

190 541 426 632 spiritualibus
442 541 615 610 subtiliter
626 556 641 587 ⁰
656 551 909 632 comparantem
922 566 930 623 3
952 541 1137 631 stupebant
1152 540 1255 609 mino·

190 673 245 716 res
265 649 395 739 peccati
418 672 542 717 causas
563 659 597 717 et
616 649 814 717 occasiones
834 647 1017 715 vellentem
1038 658 1072 716 et
1089 647 1255 715 virtutum

189 779 301 823 mores
318 755 451 824 cautius
471 755 690 822 inserentem.
713 760 745 824 5.
771 755 892 823 Omnis
909 753 1067 821 demuml
1087 753 1255 821 conditio·

190 862 258 947 nis,
279 861 409 930 ordinis
429 873 463 930 et
478 862 592 930 aetatis
620 860 685 928 viri
712 861 937 952 congruentia
958 860 1023 928 sibi
1049 860 1130 929 vite
1151 859 1255 929 docu-

190 980 303 1037 menta
319 970 516 1060 suscepisse
531 969 637 1037 laetati
653 979 744 1035 sunt.
767 972 798 1037 6.
822 968 921 1036 Nulla
937 991 1080 1058 prorsus
1097 968 1255 1037 flectebat

190 1100 266 1144 eum
292 1099 516 1166 personarum
541 1075 719 1165 acceptio;
743 1075 834 1142 nulla
865 1074 993 1142 favoris
1016 1074 1154 1141 humani
1175 1098 1254 1165 per-

190 1183 381 1250 mulcebat⁰
401 1181 540 1273 opini03
563 1181 636 1258 sed,
660 1182 759 1271 juxta
792 1181 967 1272 prophetae
992 1204 1122 1260 vocem,
1144 1183 1256 1269 quiesi

184 1293 393 1380 plaustrum
408 1290 599 1374 trituretur,
618 1302 736 1356 rostro
753 1290 890 1356 tabens
908 1289 1091 1356 serrantia
1101 1288 1129 1366 ἅ,
1154 1310 1254 1355 mou·

190 1410 239 1464 tec
258 1396 467 1464 comminuit
481 1409 513 1462 et
532 1395 966 1485 coiiessicut⁶puiue1·cm
977 1394 1101 1485 posuit
1117 1395 1139 1461 ¹.

192 1814 248 1869 11.
276 1813 462 1884 Quomodo
489 1812 659 1870 Paduam
688 1809 792 1868 venit
822 1810 860 1867 et
895 1808 1062 1878 qualiter
1087 1803 1258 1867 ibidem!

247 1909 475 1980 praedicavit
488 1916 514 1967 θ.

233 2211 266 2274 l.
296 2206 362 2275 Sed
389 2206 468 2298 quia
494 2207 634 2296 longum
655 2215 707 2272 est
739 2205 926 2272 enarrarel
946 2216 1030 2295 quot
1054 2205 1254 2274 lustraverit

189 2312 397 2404 provincias,
419 2313 520 2404 quot*
544 2312 640 2380 verbi
662 2313 723 2380 Dei
739 2312 868 2380 semine
884 2312 1066 2402 repleverit
1081 2323 1252 2380 terrarum

149 2500 151 2503 .
188 2432 305 2512 partes
316 2423 340 2506 ¹²,
359 2420 401 2488 ad
417 2445 457 2488 ea
473 2444 547 2511 quat
564 2419 676 2512 magis
693 2419 908 2487 necessarial
931 2429 1114 2488 occurrunt
1133 2428 1167 2486 et
1181 2420 1253 2486 evi-

188 2527 341 2596 dentiora
361 2528 526 2595 virtutum
546 2528 620 2618 ejus
640 2527 901 2618 experimental
922 2527 1097 2594 declarant
1116 2550 1254 2594 manum

187 2635 418 2703 convertimus
439 2636 459 2701 l.

231 2745 263 2809 2.
281 2744 448 2831 Tempore
473 2765 618 2832 namque
638 2741 776 2832 capituli
801 2741 974 2832 generalis
994 2765 1061 2831 quo
1090 2740 1251 2808 sacratis·

189 2847 416 2915 simaembeuti
440 2848 577 2936 patris'²
614 2848 786 2915 Francisci
816 2847 966 2938 reliquiae
987 2847 1030 2914 ad
1059 2847 1168 2914 locum
1194 2847 1253 2915 ubi

215 3075 237 3106 a.
254 3063 320 3106 Paris
334 3075 379 3106 om.
392 3063 525 3108 subtiliter.
540 3085 564 3096 -
581 3064 602 3107 b.
619 3062 686 3106 Paris
700 3073 788 3106 omues
798 3062 914 3117 denique.
926 3085 952 3096 -·
966 3075 987 3107 c.
997 3063 1051 3106 Nu.
1064 3062 1128 3108 itata
1137 3063 1254 3119 permul-

190 3134 258 3178 cebat
272 3134 386 3178 humani.
401 3157 428 3168 -
439 3135 464 3178 d.
480 3135 532 3178 Alc.
544 3136 591 3188 286,
604 3135 656 3178 Alc.
667 3135 706 3179 293
723 3145 745 3177 et
761 3133 827 3177 Puris
846 3133 979 3178 currentia.
1004 3133 1060 3177 Pud.
1082 3133 1213 3189 serrantia.
1228 3157 1255 3166 -

189 3217 209 3249 e.
226 3206 277 3249 Alc.
290 3207 330 3251 286
342 3215 364 3248 et
377 3206 427 3249 Alc.
443 3207 482 3250 293
498 3206 579 3260 quasi.
596 3230 622 3237 -
639 3207 659 3259 t.
675 3205 733 3248 Luc.
752 3205 793 3249 ibi.
810 3227 837 3237 -
854 3218 877 3260 9.
898 3205 965 3248 Paris
977 3205 1012 3249 De
1022 3205 1133 3260 perterriti
1150 3205 1253 3248 licentia

187 3277 344 3332 predicandi
357 3277 406 3320 eibi
416 3278 482 3321 data.
493 3300 519 3310 -
533 3278 557 3320 b.
574 3278 626 3321 Alc.
641 3279 681 3322 ί286
696 3288 808 3320 narrare.
823 3299 850 3308 -
862 3276 878 3320 i.
894 3275 952 3320 Luc.
969 3277 1044 3330 quod.
1061 3276 1117 3321 Pcd.
1135 3280 1252 3331 utrosque.

189 3370 215 3380 -
232 3347 252 3402 j.
274 3347 332 3392 Luc.
355 3348 498 3392 necessaria
512 3348 601 3403 mapia.
622 3348 677 3392 Pad.
697 3359 719 3391 et
741 3347 808 3391 Puris
831 3347 972 3392 necessario
990 3348 1078 3403 macie.
1098 3370 1124 3380 -
1148 3348 1171 3392 k.
1188 3347 1255 3392 Paris

189 3420 367 3475 experimento.
380 3442 406 3451 -
425 3420 440 3462 t.
456 3419 522 3463 Puris
536 3422 720 3463 conoertumuc.
738 3441 765 3451 -
784 3430 817 3464 m.
834 3419 900 3462 Puris
911 3419 1087 3463 sanctissimae.
1102 3442 1129 3452 -
1145 3431 1170 3463 n.
1187 3419 1254 3463 Puris

189 3491 224 3535 ad.
244 3491 332 3536 nostri.
352 3492 404 3535 Alc.
425 3491 464 3536 tat
483 3491 563 3534 nostri
579 3490 673 3545 fratris.

221 3682 242 3727 1.
259 3679 347 3739 Isatu,
363 3678 433 3738 XLI,
448 3681 484 3728 15,

219 3763 242 3808 t.
260 3759 299 3808 La
322 3759 438 3824 tegendo
460 3759 551 3824 primu
573 3761 681 3809 resume
705 3760 748 3817 ici,
776 3773 809 3809 en
833 3759 968 3824 quelques
985 3764 1055 3811 mots
1078 3773 1191 3821 vngues,
1207 3773 1253 3820 ou,

190 3852 259 3902 pour
272 3839 364 3903 parler
379 3841 440 3902 plus
464 3843 644 3899 exactement,
661 3853 742 3903 passe
758 3842 791 3890 ici
814 3854 880 3889 sous
895 3840 997 3890 silence
1015 3841 1085 3891 l'une
1098 3840 1147 3890 des
1162 3841 1253 3903 perto-

190 3919 239 3969 des
263 3919 303 3969 les
328 3918 389 3983 plus
410 3920 591 3983 importantes
613 3919 647 3970 de
661 3920 687 3969 la
701 3921 744 3970 vic
759 3920 795 3969 du
810 3937 821 3966 a
839 3920 1032 3981 thaumaturgo
1049 3938 1060 3966 n
1077 3920 1251 3980 franciscain,

190 3998 259 4048 calle
279 3999 314 4048 οὺ
339 4000 404 4049 s'est
422 4003 527 4058 exerce,
552 4003 731 4061 notumment,
750 4014 799 4049 son
817 4000 957 4063 apostatat
976 4001 1040 4049 burs
1058 3998 1183 4057 d'ltatie;
1199 3999 1252 4050 elle

191 4081 269 4129 saute
293 4077 491 4143 hrusquement
513 4079 547 4128 dc
572 4080 677 4129 t'annee
702 4083 761 4129 1223
776 4093 811 4128 ou
827 4082 887 4128 tuat
904 4081 920 4129 a
935 4079 1041 4129 l'unnca
1065 4080 1252 4130 tano.1nutua

190 4157 328 4209 d'lnsister
341 4159 496 4221 davantage
512 4173 559 4209 sur
576 4162 647 4210 cette
664 4159 761 4210 laeuae
784 4159 966 4225 tnexpliquee,
994 4159 1061 4210 dont
1082 4173 1151 4210 nous
1166 4173 1252 4211 avons

190 4238 251 4301 dett
265 4238 351 4305 parle.
