2934 4822
430 356 459 403 s.
486 356 630 402 xxronn
655 357 815 404 nscnnox
840 355 961 417 rmus,
982 337 1027 404 27
1206 337 1248 404 75

184 753 243 812 27.
267 752 319 809 De
340 749 518 809 missione
539 749 751 809 nuntiorum
780 750 830 808 ed
854 748 998 809 curtem
1025 763 1094 820 pro
1123 749 1248 809 sancti

244 849 394 908 Antonii
417 848 701 908 canonizatione
714 858 741 904 α.

232 1144 262 1207 l.
285 1138 489 1207 Exaltatur⁶
514 1138 622 1230 igitur
648 1137 801 1205 ecclesiae
828 1137 933 1218 lides3
961 1136 1130 1205 altissima
1157 1162 1248 1205 rom-

185 1245 365 1314 mendatur
389 1256 574 1336 paupertas
603 1268 642 1312 ac
669 1244 813 1334 simplex
841 1244 1016 1312 humilitus
1047 1243 1245 1313 honoratur.

186 1353 380 1438 Erubescit,
401 1376 491 1420 eaeca
520 1362 630 1419 mater
655 1351 796 1437 erroris,
822 1350 964 1441 perfidio
988 1361 1021 1418 et
1040 1350 1144 1418 livida
1170 1352 1249 1419 tabe

185 1459 365 1528 marcescit
394 1458 556 1526 haeretica
581 1458 752 1548 pravitate
772 1481 869 1524 mens
897 1457 1021 1524 stolida
1034 1471 1059 1524 ⁶.
1084 1458 1246 1548 Impietas

185 1566 329 1658 denique
356 1566 548 1656 suspiciosa
577 1564 794 1632 confunditur
823 1575 856 1631 et
880 1564 1093 1632 infidelitatis
1123 1565 1247 1655 caligo,

184 1674 282 1764 quasi
303 1697 399 1740 novae
419 1673 504 1740 lucis
522 1682 653 1757 exortu,
671 1671 910 1739 miraculorum
934 1671 1173 1760 splendoribus
1188 1672 1250 1739 ab·

185 1780 354 1848 sorbetur.
385 1784 417 1847 2.
446 1780 582 1849 Clamat
608 1779 766 1845 nimirum
796 1802 893 1846 sacer
927 1778 1008 1845 cleri
1036 1789 1247 1860 conventus3

184 1887 391 1955 vociferatur
413 1885 559 1954 devotus
585 1885 747 1976 populus;
769 1908 887 1952 omnes
905 1885 1000 1952 unad
1019 1909 1101 1953 voce
1117 1895 1150 1952 et
1164 1909 1250 1953 unu-

186 1994 267 2061 nimi
292 1993 469 2060 voluntate
495 1992 719 2070 concordant;
741 2002 778 2059 ut
800 2015 861 2081 pro
880 1992 972 2060 beati
991 1992 1131 2059 Antonii
1147 2015 1249 2059 cano·

187 2100 379 2169 nizatione⁶
405 2099 448 2167 ad
469 2099 598 2166 curiam
620 2099 775 2167 mittatur
795 2098 904 2166 modis
926 2099 1083 2166 omnibus
1103 2099 1247 2167 instant.

185 2211 217 2276 3.
242 2207 295 2274 Fit
310 2206 452 2297 proinde
468 2206 602 2294 supers
614 2205 848 2295 hujuscemodi
864 2205 1003 2296 negotio
1018 2205 1106 2273 inter
1123 2207 1250 2273 elerum

186 2324 219 2381 et
244 2315 405 2404 populum
435 2312 597 2380 solemnis
627 2312 790 2380 collati08
818 2323 851 2380 et
877 2323 914 2380 ut
941 2312 1168 2380 multitudinis
1192 2336 1250 2380 cor

185 2444 289 2488 unum
301 2420 503 2487 exaudiatur
516 2420 615 2510 pleno
631 2418 790 2487 definitur
801 2419 954 2486 concilio
972 2423 1004 2486 4.
1018 2419 1107 2507 Quid
1123 2421 1219 2509 plura
1237 2424 1251 2486 Ρ

186 2527 311 2596 Scribit
331 2527 513 2617 episcopus
533 2549 608 2592 cum
628 2526 730 2607 clero,
752 2537 907 2616 potestas
923 2525 1075 2594 civitatis
1092 2550 1167 2593 curn
1188 2528 1250 2592 mi-

184 2618 302 2702 litibus
323 2644 355 2701 et
370 2633 508 2723 popule,
525 2643 572 2717 et,
587 2633 730 2700 necdum
749 2643 985 2722 postmortem
1008 2633 1119 2700 sancti
1135 2657 1251 2700 mense

185 2741 366 2831 complete,
378 2739 421 2807 ad
442 2740 665 2829 apostolicam
683 2740 798 2807 sedem
819 2740 969 2819 nuntios
982 2763 1113 2806 morum
1134 2740 1251 2830 gravi-

185 2859 255 2917 tate
271 2847 438 2939 pollentes
453 2857 487 2914 et
502 2847 694 2914 conditione
714 2846 942 2934 venerabiles,
954 2847 1204 2914 transmittunt.

230 2960 262 3024 5.
285 2955 365 3043 Qui,
394 2953 538 3044 quuml,
566 2953 685 3044 paucis
712 2954 924 3043 interjectis?
949 2953 1083 3032 diebus,
1112 2964 1252 3044 aposte-

186 3062 260 3130 licis
284 3086 320 3128 se
343 3060 539 3151 aspectibus
565 3071 836 3150 praesentassent
852 3071 884 3128 et
904 3061 1074 3128 adventus
1095 3061 1147 3127 sui
1171 3085 1251 3128 eau-

188 3194 260 3237 sam
280 3168 463 3258 diligenter
483 3168 734 3257 exposuissent,
765 3192 785 3236 a
811 3167 948 3235 domino
971 3168 1141 3259 Gregorio
1162 3191 1251 3258 papa

188 3300 275 3343 nono
304 3286 338 3342 et
362 3274 524 3342 universa
553 3275 655 3342 curiae
684 3274 873 3365 frequentia
899 3274 1097 3364 gratissime
1124 3275 1251 3364 recepti

187 3392 278 3449 sunt.
306 3385 338 3449 6.
362 3381 529 3468 Quamvis
552 3405 618 3448 non
639 3381 854 3448 mediocriter
869 3381 965 3448 multi
986 3404 1102 3448 eorum
1122 3380 1162 3447 de
1183 3381 1251 3448 les-

186 3489 295 3556 tinata
320 3487 382 3554 Dei
411 3487 521 3578 gloria
551 3499 584 3554 et
615 3498 788 3556 tantorum
817 3488 1021 3555 mirabilium
1043 3487 1251 3555 subitatione

186 3594 542 3686 superadmirarentur
567 3594 695 3662 audita.
719 3598 751 3663 7.
774 3596 993 3663 Convocatur
1013 3618 1133 3661 revera
1153 3618 1252 3663 sacra

186 3701 408 3770 cardinalium
435 3701 551 3769 concio
579 3711 611 3768 et
641 3725 744 3792 super
769 3701 962 3769 nuntiorum
984 3700 1251 3768 Paduanorumi'

187 3834 291 3878 causa
310 3808 471 3875 solemnis
491 3807 681 3875 celebratur
702 3808 849 3876 collatio.
872 3810 904 3876 8.
924 3808 1088 3887 Tandem,
1107 3807 1148 3875 de
1164 3832 1250 3877 com·

215 4021 237 4052 n.
251 4008 317 4052 Puris
329 4009 363 4052 De
374 4008 455 4063 ipatus
465 4008 661 4053 canonizatione.
674 4030 702 4040 -
716 4007 737 4052 b.
749 4008 799 4052 Alc.
810 4006 850 4053 iso
858 4007 993 4052 multatur.
1008 4030 1034 4041 -
1044 4020 1066 4052 c.
1078 4007 1145 4052 Paris
1155 4007 1251 4052 detnsa.

187 4103 213 4113 -
223 4081 247 4123 ri.
263 4079 319 4124 Luc.
328 4091 405 4125 orans
418 4091 476 4123 uno.
487 4102 513 4111 -
524 4092 545 4124 c.
556 4081 608 4124 Alc.
619 4080 659 4125 ‘293
669 4079 868 4124 conculcatione.
878 4102 905 4112 -
915 4080 933 4134 ι’.
943 4079 994 4123 liic.
1004 4080 1044 4124 286
1055 4090 1078 4123 ει
1090 4079 1142 4123 Alc.
1153 4079 1193 4123 293
1206 4091 1251 4123 om.

187 4162 271 4207 cuper.
279 4173 305 4183 -
314 4162 337 4206 p.
350 4150 405 4195 rao.
416 4149 557 4195 collocutio.
568 4152 628 4194 -1ι,
640 4150 696 4195 Luc.
708 4150 775 4205 qued
787 4151 859 4195 dum.
867 4173 894 4184 -
904 4150 919 4195 i.
929 4149 995 4194 Puris
1006 4151 1106 4207 elapsio.
1119 4171 1145 4185 -
1153 4149 1172 4205 j.
1185 4149 1252 4195 Poris

188 4223 368 4267 Pedunnorum
387 4222 544 4268 nuntiorum.
