2934 4822
430 385 460 432 s,
488 382 964 445 111011111111111111111111,
995 364 1034 435 13
1220 360 1264 434 49

198 525 427 614 praedationes
457 525 592 592 restitui
627 525 785 608 faciebat,
820 526 855 593 in
884 537 1017 594 tantum
1049 536 1098 607 ut,
1128 526 1265 617 pignori

198 631 362 720 obligatis
389 631 546 698 domibus
576 643 610 699 et
639 632 748 722 agris,
779 644 857 700 ante
886 633 992 723 pedes
1018 633 1093 723 ejus
1120 633 1265 722 pretium

197 749 363 828 ponerent
386 749 432 817 ct,
456 738 598 806 consilio
618 739 741 830 ipsius,
763 740 878 807 ablata
898 764 1041 831 quaeque
1056 754 1071 783 ‘¹
1092 764 1191 830 prece
1210 740 1265 807 vel

197 845 512 935 praecordialis
537 846 769 914 restituerent.
797 850 848 914 12.
875 847 1075 915 bleretriccs
1092 871 1225 937 quoque
1246 870 1266 913 a

198 953 327 1018 nefario
343 951 546 1042 prohibebat
561 953 707 1042 flagitio,
730 953 822 1019 fures
843 954 1056 1021 malefactis⁶
1079 955 1230 1020 famosos
1246 977 1265 1020 a

197 1069 355 1126 contactu
372 1058 472 1125 alieni
494 1060 732 1150 compescebat
752 1059 888 1141 illicit03
910 1070 1011 1151 atque
1031 1061 1065 1127 in
1085 1061 1174 1128 hunc
1194 1084 1266 1127 mo·

197 1165 277 1231 dum
297 1165 527 1256 quadraginta
543 1165 676 1233 dicrum
689 1166 856 1233 enrricula
870 1167 958 1234 felici
974 1167 1265 1236 consummatione

198 1295 414 1362 percurrens,
436 1282 572 1362 gratam
593 1273 738 1341 Domino
758 1297 905 1341 messem
933 1273 1100 1343 sollicitus
1121 1299 1266 1366 congre·

199 1379 307 1470 gavit.

245 1489 296 1553 13.
321 1489 390 1553 Nec
406 1487 574 1554 silendum
589 1498 671 1578 puto
687 1488 777 1578 quod
791 1498 921 1556 tantam
934 1489 952 1532 ‘¹
967 1490 1146 1580 utriusque
1162 1513 1265 1556 sexus

199 1592 449 1660 multitudinem
478 1594 522 1661 ad
557 1595 749 1662 confitenda
774 1584 913 1684 peccata
947 1597 1104 1664 mittebat
1136 1606 1174 1663 ut
1204 1620 1266 1664 nec

199 1699 323 1766 fratres
346 1724 406 1767 nec
424 1699 481 1767 alii
505 1701 702 1769 sacerdotes
718 1715 745 1786 ⁶,
766 1725 909 1792 quorum
930 1726 997 1769 non
1017 1726 1124 1793 parva
1145 1726 1267 1793 seque·

197 1807 299 1874 batur
314 1807 425 1874 cums
444 1807 647 1898 frequentia,
669 1808 849 1876 audiendis
876 1808 1150 1877 confessionibus
1174 1811 1267 1878 suffr·

198 1925 324 1980 cerent.
363 1916 415 1981 14.
450 1915 617 1981 Dicebant
649 1925 763 1982 autem
793 1926 827 1983 et
860 1915 916 2007 qui
951 1916 995 1983 ad
1028 1916 1265 2007 poenitentiam

197 2020 382 2087 veniebant
405 2021 508 2111 quod,
530 2021 645 2088 divina
665 2021 799 2089 visione
824 2023 1106 2091 commonuere
1130 2023 1174 2090 ad
1195 2025 1266 2090 bn·

198 2127 327 2193 ionium
354 2128 565 2206 transmissi,
594 2129 667 2219 ejus
694 2153 754 2219 per
781 2129 893 2196 omnia
918 2130 1072 2197 consiliis
1091 2131 1266 2220 obtempe-

199 2257 274 2301 rare
290 2234 305 2276 '³
322 2233 357 2300 in
384 2235 555 2303 mandatis
575 2235 801 2325 accepissent.
827 2241 879 2305 15.
901 2237 1049 2324 Quidam
1068 2261 1161 2322 rere,
1186 2247 1265 2327 post

198 2351 341 2408 mortem
368 2343 454 2430 ejus,
482 2341 525 2408 ad
553 2343 676 2410 fratres
707 2344 872 2411 secretius
902 2344 1117 2431 accedenteS,
1150 2344 1264 2434 ipsum

199 2448 335 2515 beatum
362 2449 548 2516 Antonium
576 2449 825 2518 dormientibus
846 2451 1049 2542 apparuisse
1074 2462 1107 2519 et
1127 2451 1265 2519 nomina

198 2555 341 2623 fratrum
361 2555 404 2622 ad
420 2579 505 2646 quos
520 2580 578 2623 eos
599 2556 756 2625 mittebat
775 2557 932 2625 docuisse
953 2558 1069 2626 testati
1091 2568 1183 2627 sunt.

225 2828 247 2859 a.
259 2813 325 2865 Luc,
337 2815 392 2860 Part.
407 2829 453 2859 orn.
463 2827 574 2871 tritaque.
585 2840 610 2850 -
626 2816 648 2862 b.
665 2817 732 2861 Paris
744 2819 826 2873 pretio
840 2818 879 2862 uel
892 2831 974 2875 prece.
989 2841 1015 2851 -
1028 2831 1049 2863 c.
1067 2819 1133 2863 Puris
1147 2819 1265 2874 malefac-

199 2889 271 2931 tores.
282 2910 309 2919 -
320 2889 344 2931 11.
357 2887 414 2931 Luc.
426 2891 512 2933 totam.
524 2911 550 2920 —
560 2902 580 2932 c.
594 2889 660 2932 Paris
674 2891 817 2934 sacerdotes
832 2890 884 2933 atii.
895 2913 921 2922 -
932 2891 950 2946 f.
962 2891 1099 2935 Patiscum
1114 2892 1266 2946 sequebatur

197 2971 255 3014 -ρ,
268 2958 388 3004 Purisom.
404 2962 435 3004 et.
450 2982 476 2993 -
493 2961 517 3004 11.
534 2959 592 3005 Luc.
608 2964 636 3005 at
652 2962 799 3017 peremnia
816 2961 931 3006 consiliis
945 2963 1000 3029 eiras
1014 2963 1224 3020 obtemperarent.

198 3178 330 3225 conserve
345 3191 380 3225 au
397 3180 490 3227 nursee
505 3177 653 3241 munic-ipat
669 3177 703 3227 de
723 3178 843 3237 l‘adoue,
857 3182 963 3243 permet
977 3179 1011 3229 de
1024 3180 1146 3244 preriscr
1161 3180 1185 3230 te
1200 3194 1263 3230 scus

198 3256 232 3305 de
248 3270 293 3306 ecs
312 3261 382 3307 nrots
398 3271 502 3319 ragnes
519 3273 524 3307 :
541 3259 702 3323 captivitate
719 3274 831 3323 pressos
851 3261 978 3310 libertate
996 3261 1127 3310 donabat.
1147 3261 1169 3311 ll
1184 3262 1264 3320 ragit

199 3336 278 3384 d'une
298 3337 345 3394 tot,
360 3338 474 3387 relative
493 3353 546 3386 anx
563 3339 682 3397 iailtites,
702 3341 748 3403 apri
770 3340 809 3388 fut
829 3341 1016 3404 montelauro,
1030 3341 1055 3390 lc
1069 3345 1097 3390 15
1109 3355 1182 3390 mars
1194 3345 1263 3400 tarr,

199 3431 246 3465 sur
257 3417 296 3465 les
307 3419 446 3466 instaures
457 3418 602 3468 d'Antoiue
616 3422 643 3468 et
653 3418 762 3482 alapres
774 3420 894 3484 taqrrclle
905 3421 978 3469 nulle
989 3434 1125 3484 personne
1137 3421 1263 3470 errdcttce

200 3512 232 3546 nc
248 3500 362 3561 pourait
378 3497 440 3561 plus
454 3500 511 3548 dire
528 3500 595 3548 mise
609 3513 642 3549 en
658 3501 751 3562 prison
764 3514 813 3563 par
826 3514 871 3549 ses
884 3502 1047 3561 erdanctem,
1066 3503 1089 3550 st
1104 3501 1157 3550 elle
1170 3501 1263 3551 dec-la-

200 3578 252 3627 rait
270 3592 402 3628 renoncer
415 3591 449 3629 en
464 3580 523 3628 leur
537 3580 631 3629 larcin·
645 3581 661 3628 a
676 3580 701 3628 la
719 3581 825 3630 totalitt·
836 3580 870 3629 de
884 3595 929 3629 ses
944 3581 1032 3632 biens.
1050 3581 1086 3631 Le
1098 3584 1169 3631 texto
1185 3581 1218 3629 do
1234 3596 1264 3631 ce

199 3661 285 3706 statut
298 3673 313 3706 a
328 3660 371 3707 ete
383 3658 476 3722 publio
489 3672 521 3708 en
536 3662 606 3719 teos,
618 3673 669 3723 par
682 3660 716 3709 11.
730 3663 763 3709 Α.
776 3661 881 3721 Gloria,
895 3661 965 3710 deins
978 3675 1028 3709 son
1044 3662 1143 3710 travail
1158 3662 1264 3710 intitulat

199 3737 345 3787 Donatetto
360 3737 521 3788 Florentino
537 3740 587 3788 cte
603 3754 650 3789 sue
665 3754 744 3804 apere
759 3741 883 3791 mirabili
896 3743 940 3791 net
955 3741 1052 3806 tempto
1065 3741 1095 3791 dt
1107 3741 1135 3791 S.
1148 3742 1265 3792 Antonio

198 3818 227 3867 1’11
242 3817 365 3877 Pectora,
383 3832 428 3882 ap.
449 3817 843 3884 [1011111111Ιὶ1111011111111111
859 3822 1001 3872 accersione
1017 3821 1061 3871 det
1079 3821 1186 3872 settimo
1201 3835 1265 3871 cen-

199 3897 305 3948 tenario
321 3898 394 3947 detta
408 3899 516 3948 nascita
539 3899 569 3948 111Ι
589 3902 616 3951 S.
634 3901 759 3961 Antonio,
774 3915 801 3964 p.
817 3907 840 3949 3.
856 3902 976 3955 l'adoue.
994 3902 1077 3965 tipog.
1095 3903 1263 3963 Antoniana,

200 3980 269 4027 1⁸95.
