2934 4822
438 352 626 398 nnnrrrons
648 353 692 397 ou
714 353 773 397 ns.
797 352 839 396 os
860 350 1019 398 nucsanu
1198 331 1260 397 127

198 492 323 559 dictam
339 491 471 576 urbem,
497 503 594 559 nocte
615 491 814 559 festivitatis
836 490 946 559 sancti
976 489 1129 568 Antonii,
1158 513 1261 581 quum

198 599 410 690 guardianus
435 599 578 666 fratrum
597 600 632 665 iu
653 599 781 675 Padua,
804 600 908 665 frater
931 597 1200 665 Bartholomaeus
1220 595 1262 662 de

197 706 423 787 conanime,
442 705 674 796 pernoctando
689 705 852 796 vigilaret
871 704 915 771 ad
937 728 1052 771 arcam
1071 704 1126 770 vel
1149 703 1264 793 sepul·

198 837 291 881 crum
310 813 385 903 ejus
401 823 447 891 et,
472 835 534 903 pro
553 813 754 880 liberatione
770 814 842 902 jam
858 812 958 879 dietae
977 810 1088 896 urbis,
1109 811 1264 877 eumdem

198 919 372 1010 llagitaret
399 919 557 1008 precibus
588 919 793 995 lacrimosis
831 918 872 985 de
910 917 985 1008 ipso
1021 941 1098 984 mox
1134 917 1264 985 tumulo

196 1050 264 1092 vox
287 1026 407 1105 fertur,
429 1050 589 1116 promens
617 1026 688 1092 haec
715 1025 835 1104 verba,
861 1024 1051 1092 clarissime
1077 1024 1261 1091 sonuisse:

197 1135 230 1201 9.
254 1135 374 1200 Frater
390 1132 650 1209 Bartliolomrce,
673 1155 714 1198 ne
733 1132 868 1218 timeas
896 1155 1004 1223 neque
1024 1130 1261 1211 contristeris3

199 1238 259 1305 sed
280 1239 470 1306 confortare
491 1239 604 1329 potius
630 1249 664 1305 et
682 1239 823 1318 laeteris,
846 1261 1059 1328 cognosceus
1079 1261 1141 1328 pro
1170 1247 1263 1305 certo

199 1345 288 1436 quod
317 1345 448 1413 obtinui
482 1345 749 1413 misericorditer
786 1369 805 1412 a
835 1348 906 1412 Deo
940 1345 1043 1435 quod,
1078 1345 1112 1411 in
1141 1354 1264 1412 octava

200 1451 425 1519 solemnitatis
437 1476 533 1531 meae,
545 1452 708 1519 Paduana
724 1451 943 1542 conquiretur
958 1452 1093 1531 civitas
1105 1450 1263 1519 libertate

199 1559 300 1626 solita
321 1569 354 1625 et
370 1558 582 1627 immunitate
598 1559 744 1648 pristina
764 1559 806 1635 de
826 1569 918 1626 certo
938 1558 1095 1628 fruitura.
1120 1562 1171 1627 10.
1191 1557 1264 1626 Sic-

199 1690 263 1756 quo
276 1666 400 1732 lactum
414 1676 479 1745 cst,
499 1666 643 1732 Domino
656 1665 870 1755 disponente.
897 1669 992 1732 llanc
1008 1665 1132 1757 quippe
1147 1688 1265 1731 vocem

199 1782 233 1839 et
260 1773 366 1840 verba
395 1772 463 1839 ista
489 1773 681 1862 loquentem
708 1773 832 1839 fratres
862 1772 1093 1864 quamplures
1126 1782 1207 1839 tunc
1230 1770 1265 1836 in

199 1879 343 1946 ecclesia
364 1879 494 1969 vigiliis
514 1879 727 1958 insistentes
745 1879 863 1947 testati
886 1890 965 1946 sunt
984 1879 1154 1947 voraciter
1170 1877 1267 1945 audi-

198 1986 305 2052 visse.
336 1990 387 2053 ll.
419 1987 495 2072 Quo
525 1986 741 2075 postmodum
765 1985 808 2053 ad
842 1986 998 2053 notitiam
1028 1985 1268 2052 Paduanorum

200 2103 377 2183 pervento,
409 2102 604 2159 statuerunt
623 2091 838 2159 concorditer
864 2091 953 2159 diem
978 2102 1134 2160 octavam
1155 2090 1265 2157 sancti

200 2198 341 2266 Antonii
374 2199 448 2288 pari
477 2198 576 2265 modo
606 2222 772 2290 peragere
800 2198 888 2265 sieut
908 2198 1009 2265 diem.
1037 2197 1137 2286 Quod
1163 2196 1265 2264 etiarn

200 2307 284 2374 bene
311 2305 527 2372 observatur.

247 2416 297 2480 12.
313 2415 433 2479 Frater
447 2411 631 2479 Jacobinus
645 2412 686 2478 dc
702 2411 875 2491 Cartana,
888 2411 1009 2493 laicus,
1020 2412 1088 2480 ista
1103 2411 1144 2479 de
1160 2434 1265 2479 causa

199 2517 334 2585 dicebat
348 2517 391 2584 ad
407 2517 560 2584 ordinem
572 2543 609 2584 se
624 2518 763 2584 venisse
782 2542 789 2585 :
813 2518 981 2608 siquidem
999 2519 1179 2586 usurarius
1200 2518 1264 2586 luit

199 2648 346 2714 magnus
368 2624 402 2690 iu
423 2625 559 2702 seacula,
579 2625 764 2691 secundum
789 2625 851 2691 Dei
867 2625 1119 2715 providentiam
1142 2649 1263 2693 carens

198 2732 334 2799 omnino
354 2731 485 2811 liberis,
503 2732 560 2822 qui
580 2732 671 2798 viam
688 2732 860 2799 nonnullis
881 2732 1153 2801 consueverunt⁶
1173 2757 1261 2823 prar-

198 2838 332 2905 cludcre
348 2838 529 2928 aliquoties
551 2839 773 2906 adsalutem.
799 2842 851 2908 13.
876 2843 969 2908 Uxor
989 2851 1103 2908 tamen
1124 2840 1172 2906 illi
1192 2851 1266 2907 erat

197 2943 308 3011 fidelis
324 2956 357 3012 et
372 2945 473 3024 bona,
495 2969 555 3034 per
575 2969 676 3036 quam
697 2945 825 3012 salvari
845 2957 966 3035 postea
986 2946 1121 3027 meruit,
1144 2971 1265 3015 secun-

198 3050 277 3117 dum
298 3051 387 3142 quod
415 3052 593 3142 apostolus
624 3055 807 3120 testaturl.
832 3057 911 3143 lpsa
936 3053 1024 3120 enim
1041 3054 1172 3145 jugiter
1192 3077 1264 3121 ora·

199 3158 320 3225 balad
342 3162 448 3225 Deum
464 3169 497 3225 ct
517 3158 560 3225 ad
580 3170 737 3226 sanctum
755 3160 952 3245 Antonium,
973 3161 1151 3228 ecclesiam
1166 3184 1264 3228 suam

199 3265 349 3355 quotidie
370 3265 530 3343 visitans,
547 3277 584 3332 nt
600 3269 692 3332 Deus
703 3290 763 3356 per
777 3266 897 3334 merita
914 3267 1024 3335 sancti
1039 3268 1092 3335 sui
1108 3266 1263 3334 cumdem

200 3383 398 3439 convertere
424 3372 636 3462 dignaretur.
667 3375 718 3440 l—l.
744 3376 821 3463 lpse
841 3397 935 3451 veru,
959 3374 1180 3453 econtrario,
1203 3397 1264 3441 nec

199 3479 382 3568 aliquando
401 3479 566 3546 visitabat
587 3490 754 3558 sanetum,
781 3480 848 3546 imo
869 3480 1091 3548 visitantibus
1119 3480 1264 3548 insulta·

198 3585 258 3652 bat
278 3596 311 3652 et
340 3587 413 3676 ejus
434 3586 596 3653 miracula
625 3586 789 3653 ulrilibct⁰
821 3586 1003 3654 diridcbat.
1041 3591 1093 3655 15.
1124 3590 1263 3654 Factum

198 3703 252 3759 est
268 3704 392 3772 autem,
415 3718 531 3784 quum,
552 3693 756 3784 importunis
777 3693 932 3761 devictus
947 3694 1064 3761 uxoris
1091 3694 1262 3784 precibus,

224 3946 246 3974 a.
259 3932 330 3974 Texta
343 3935 373 3977 dc
387 3935 519 3978 Coradcco,
542 3935 579 3989 qui
603 3937 638 3976 aa
661 3931 748 3978 erronei.
765 3956 791 3965 -
815 3934 836 3976 b.
851 3934 921 3977 Texta
941 3938 1112 3979 eorrsneeeral.
1127 3935 1266 3981 -c.Tcxle

197 4003 317 4047 rabilibus.

197 4118 412 4130 —-

232 4199 281 4249 1.l
293 4203 354 4251 Cor.
370 4202 483 4261 l'11,n.
