2934 4822
390 409 420 455 S.
446 409 590 455 anronn
616 409 776 456 Lucanos
803 416 819 451 ((
841 408 1051 455 sumemus
1074 414 1090 449 t)
1204 390 1270 456 229

205 548 329 637 placet,
369 547 597 626 consessione,
636 547 799 616 adeamus
838 552 978 616 Romam
1017 547 1072 614 vel
1114 556 1270 615 sanctum

204 653 380 732 Jaeobum,
401 654 690 744 peregrinationis
717 654 844 745 gratia,
866 654 909 720 ad
934 653 1146 721 visitandum
1172 677 1270 744 apos-

205 761 350 828 tolorum
383 760 513 840 limina,
549 761 604 829 vel
634 762 827 851 jejunemus
857 760 917 828 tali
945 760 1000 827 vel
1028 760 1089 827 tali
1118 760 1186 847 die,
1215 762 1270 829 vel

205 866 315 934 simile
345 867 426 958 quid
456 867 498 934 ad
532 868 694 936 bonorem
722 867 879 958 Virginis
914 866 1052 946 blariae3
1086 876 1121 934 et
1150 867 1200 935 sie
1228 892 1270 935 ex

204 974 398 1063 hujusmodi
423 973 662 1043 devotionibus
690 999 779 1042 unus
799 975 943 1042 alterum
964 974 1008 1040 ad
1028 973 1167 1041 meliora
1188 975 1269 1042 oha-

204 1081 347 1148 rismata
371 1081 548 1149 incitabat.
578 1086 633 1151 31.
666 1081 752 1170 Quis
776 1081 989 1149 existimaret
1016 1091 1098 1171 quot
1118 1081 1267 1150 lacrimae

203 1189 249 1257 ibi
288 1187 529 1268 fundebantur,
564 1200 646 1280 quot
683 1189 832 1279 gemitus
869 1213 910 1255 ex
946 1187 1077 1255 intimis
1115 1187 1267 1256 cordium

202 1295 439 1380 trahebantur,
462 1307 545 1386 quot
563 1307 737 1386 pectorum
758 1295 937 1362 tunsiones
961 1294 1132 1385 quondam
1158 1295 1266 1363 obsti-

203 1414 361 1470 natorum
390 1402 475 1470 inibi
503 1403 771 1493 promebantur?
799 1402 886 1490 Quis
912 1401 980 1470 ista
1007 1401 1179 1470 sufficeret
1206 1427 1266 1493 per

203 1510 341 1601 singula
361 1514 552 1578 enarrare?

245 1623 300 1686 32.
327 1617 524 1685 blirilieavit
555 1617 640 1686 adeo
669 1616 836 1685 Dominus
865 1624 1021 1684 sanctum
1050 1640 1149 1684 suum
1175 1617 1265 1708 quod

203 1748 268 1791 non
290 1725 399 1791 solum
414 1723 554 1792 usitatis
565 1738 580 1768 ‘²
596 1723 747 1815 quotidie
767 1723 931 1791 rutilabat
947 1722 1133 1806 miraculis,
1144 1748 1264 1792 verum

201 1831 304 1900 etiam
330 1831 494 1899 inauditis
513 1855 575 1921 pro
594 1842 746 1921 tempore
770 1830 882 1922 signis
903 1841 937 1898 et
956 1830 1125 1922 prodigiis
1144 1855 1264 1899 eorus-

202 1938 314 2006 eabat.
335 1942 391 2008 33.
413 1941 513 2019 Nam,
542 1937 630 2005 siout
649 1937 796 2028 legimus
823 1937 864 2004 de
884 1938 985 2006 beato
1011 1937 1151 2007 Nicolao
1173 1939 1263 2029 quod

200 2045 359 2135 apparuit
374 2068 434 2135 per
449 2045 562 2112 visum
577 2044 774 2135 imperatori
795 2045 1037 2127 Constantino,
1059 2045 1168 2113 eidem
1184 2070 1264 2136 pro·

199 2154 287 2220 lecto
302 2151 508 2220 dissuadens
523 2162 557 2220 et
577 2152 787 2220 comminans
803 2163 905 2244 atque
920 2152 1056 2220 omnino
1075 2152 1262 2244 prohibens

199 2282 315 2326 necem
347 2258 577 2327 innocentium
604 2282 690 2349 quos
717 2258 827 2327 adhuc
855 2259 890 2327 in
919 2283 1053 2327 earcere
1073 2258 1260 2342 detinebat,

200 2366 249 2434 sic
263 2366 317 2432 vir
336 2365 402 2433 iste
423 2375 563 2432 sanetus
590 2389 677 2456 quos
696 2366 857 2434 cernebat
880 2365 1038 2434 detentos
1058 2377 1092 2434 et
1109 2365 1262 2435 inearee·

199 2484 328 2540 ratosa
349 2472 485 2540 diabolo
507 2496 567 2562 per
586 2483 774 2562 peecatum,
793 2473 865 2540 neci
880 2472 1018 2541 tandem
1033 2484 1169 2542 aeternae
1190 2485 1261 2543 tra-

198 2581 341 2656 dendos,
370 2579 412 2646 ad
444 2602 561 2647 eorum
587 2579 822 2647 liberationem
849 2579 1038 2648 studiosius
1067 2581 1258 2650 laborabat.

197 2691 251 2756 34.
273 2690 343 2755 lloo
358 2686 434 2753 ideo
450 2685 520 2752 dixi
539 2685 631 2776 quia,
649 2686 728 2753 dum
749 2685 860 2754 adhue
880 2698 1021 2755 sanetus
1041 2687 1095 2756 hio
1114 2688 1258 2769 viveret,

198 2794 362 2873 nonnulli,
398 2792 576 2861 venientes
607 2793 650 2860 ad
681 2794 818 2873 fratres,
836 2794 1039 2862 asserebant
1069 2795 1259 2864 certissime

197 2900 300 2991 quod,
315 2899 426 2968 adhue
441 2899 527 2991 ipsis
542 2900 710 2990 protunda
726 2910 824 2968 nocte
839 2900 873 2967 in
888 2900 987 2968 lectis
1004 2901 1077 2970 suis
1093 2901 1258 2970 dormien-

198 3007 302 3087 tibus,
325 3006 513 3097 apparebat
531 3006 653 3074 beatus
669 3016 778 3097 pater,
796 3007 929 3075 dicens:
949 3008 1072 3100 Surge,
1090 3009 1256 3091 Martine;

199 3138 317 3205 surge,
340 3116 477 3206 Agnes3
505 3124 539 3180 et
557 3113 644 3181 vade
668 3113 713 3182 ad
731 3114 833 3182 talem
847 3115 996 3182 ⁴fratrum
1020 3115 1094 3183 sive
1114 3116 1259 3208 presby-

198 3233 347 3289 terorum
377 3233 410 3290 et
439 3221 599 3288 conlitere
626 3220 692 3288 sibi
725 3222 793 3289 tale
821 3232 855 3289 et
887 3222 954 3289 tale
983 3233 1172 3312 peecatum,
1197 3224 1258 3291 tali

197 3339 348 3419 tempore
369 3332 445 3412 [148
465 3352 485 3395 a
507 3332 536 3411 1]
557 3352 618 3418 per
646 3338 679 3396 te
707 3339 742 3396 et
768 3328 803 3396 in
831 3328 892 3396 tali
921 3329 994 3396 loeo
1023 3330 1255 3411 commissum,

197 3435 287 3525 quod
315 3459 412 3502 nemo
442 3445 586 3503 noverat
615 3435 682 3503 nisi
717 3439 820 3503 Deus.
847 3440 904 3504 35.
926 3437 971 3503 Et
996 3436 1058 3521 sio,
1083 3461 1143 3527 per
1166 3437 1258 3504 viam

196 3542 312 3628 istam,
334 3553 473 3632 peccata
502 3542 537 3609 in
573 3542 741 3610 occultum
774 3543 915 3611 latentia
944 3543 1080 3633 expiata
1108 3545 1256 3624 luerunt,

196 3659 297 3738 prout
316 3649 419 3717 etiam
439 3649 583 3717 habetur
602 3649 637 3716 in
656 3649 801 3740 legenda
821 3650 908 3718 alias
931 3649 1088 3740 superius
1109 3651 1256 3741 posital.

222 3905 245 3935 a.
259 3892 330 3935 Texta·
346 3891 464 3938 visitatio.

228 4121 249 4166 t.
266 4119 299 4166 V.
316 4131 418 4182 supra:
434 4117 497 4183 teg.
512 4119 615 4183 prima,
631 4122 669 4178 13,
686 4127 714 4166 n·
732 4120 815 4166 1a.-
829 4119 872 4166 Au
888 4119 959 4178 sajet
973 4118 1007 4168 de
1022 4132 1068 4169 ces
1082 4121 1256 4183 apparttlons

196 4198 232 4248 dn
249 4199 350 4249 sainte
365 4198 414 4248 des
429 4199 572 4262 pecheurs,
586 4198 686 4247 durant
701 4199 760 4248 leur
775 4198 909 4257 sommetl,
925 4197 949 4248 le
965 4197 1046 4249 tiber
1061 4199 1257 4250 miraculorum

195 4281 234 4341 tn·
249 4284 288 4338 33)
302 4280 444 4344 reprodutt
459 4283 537 4331 notre
553 4283 635 4339 texte,
651 4280 715 4328 saut
725 4278 859 4344 quelques
875 4281 955 4328 mets.
