2934 4822
386 393 416 439 s.
443 393 587 439 anronn
613 394 773 440 cnorum
800 400 816 434 α
838 394 1049 441 ennromms
1071 401 1088 436 r>
1201 377 1267 444 233

203 531 450 600 dormientibus
471 531 672 599 mirabiliter
693 533 882 623 apparebat
901 543 935 600 et
960 532 1003 599 ad
1024 544 1163 623 peccata
1188 556 1268 601 con-

202 639 365 706 fitendum
385 639 515 706 occulta
536 639 725 707 consultius
741 639 1019 721 transmittebat;
1042 639 1162 730 pedem
1175 650 1267 707 trun·

202 755 314 812 catum
331 771 391 836 per
411 745 641 836 ignorantiam
662 746 801 813 mirifice
819 746 1010 828 solidabat;
1032 757 1217 837 tyrannum
1231 748 1266 814 in

203 853 335 941 fulgore
350 853 465 920 vultus
480 852 619 921 terrifici
637 852 820 922 durissime
836 853 1017 944 arguebat,
1035 877 1139 944 seque
1154 853 1266 943 ipsum

202 960 360 1026 omnibus
380 959 585 1050 gratiosum,
601 971 640 1028 ut
658 983 717 1028 eos
739 961 783 1028 ad
802 960 927 1028 bonum
948 959 1112 1040 alliceret,
1132 983 1266 1051 semper

203 1090 263 1156 pro
283 1067 427 1147 viribus,
446 1066 676 1157 impendebat.

702 1367 761 1466 ,1

247 1659 276 1721 l.
300 1654 428 1721 Eodem
451 1635 505 1720 die
531 1651 747 1720 dormitionis
768 1652 854 1741 ejus,
876 1650 1129 1719 famosissimus
1156 1675 1264 1742 quon-

200 1761 277 1827 dam
309 1761 363 1827 ille
391 1761 499 1827 abbas
520 1758 763 1845 vercellensis,
781 1757 907 1825 divinis
936 1758 1088 1825 intentus
1119 1758 1263 1826 medita·

199 1869 350 1936 tionibus
389 1866 566 1956 sacrisque
599 1876 785 1956 occupatus
818 1864 1035 1945 lectionibus,
1061 1875 1134 1932 erat
1169 1863 1263 1933 solus

203 1976 357 2041 reclusus
386 1974 421 2040 in
452 1996 598 2041 camera.
628 1976 660 2040 2.
690 1974 799 2059 Quem
827 1971 881 2038 vir
910 1971 985 2050 Dei,
1010 1970 1089 2038 dum
1117 1971 1261 2052 viveret,

203 2081 382 2149 dilectione
409 2079 592 2170 praecipua,
610 2089 643 2146 et
669 2103 686 2147 e
713 2102 892 2160 converso,
916 2078 981 2147 luit
1003 2078 1121 2146 intime
1144 2102 1263 2169 prose·

200 2199 309 2270 cutus,
333 2187 548 2278 potissimum
570 2210 611 2253 ex
637 2210 676 2254 eo
703 2185 794 2277 quod
814 2185 868 2252 vir
891 2194 1032 2253 sanctus
1059 2185 1262 2277 quandoque

199 2294 422 2385 perdocuerat
447 2307 546 2360 cuma
576 2316 683 2360 sacrae
710 2291 892 2383 theologiae
925 2292 1104 2360 scientiam
1137 2303 1171 2360 et
1191 2292 1260 2369 ille,

199 2426 300 2468 versa
326 2401 412 2481 vioe,
441 2400 603 2468 librorum
633 2399 742 2467 sancti
775 2398 932 2490 Dionysii
959 2398 1121 2491 dogmata
1150 2398 1262 2490 ipsum

198 2508 409 2576 instruxerat
428 2505 598 2575 altissima
618 2516 651 2573 et
670 2505 806 2573 devota.
827 2509 859 2574 3.
884 2509 934 2573 De
954 2504 1042 2596 quol
1059 2505 1131 2596 jam
1151 2505 1262 2573 dictus

198 2615 306 2682 abbas
331 2614 433 2682 etiam
461 2613 554 2693 alibi,
579 2612 613 2679 in
634 2636 697 2680 suo
725 2622 915 2680 commento
929 2625 954 2693 ⁰,
977 2612 1262 2681 excellentissime

197 2721 308 2812 ipsum
329 2719 584 2801 commendans,
606 2719 839 2810 proloquitur:
859 2723 992 2799 Frater,
1014 2719 1136 2810 inquit,
1157 2721 1262 2788 Anto·

199 2829 288 2907 nius,
320 2827 450 2896 ordinis
484 2827 655 2895 Minorum
689 2830 861 2906 Fratrum,
889 2826 930 2894 de
958 2850 1053 2916 purae
1079 2826 1261 2918 theologie

199 2960 302 3003 sensu
331 2922 620 3025 mystico'hausit
643 2933 854 3024 plenissime,
890 2932 995 3001 divini
1024 2933 1111 3001 radii
1148 2933 1262 3025 gratia

198 3043 439 3132 perlustratus.
463 3043 496 3108 4.
519 3041 629 3128 Quam
649 3039 800 3130 prolecto
820 3063 989 3107 cameram
1017 3040 1164 3108 famulus
1192 3045 1261 3109 Do-

224 3277 247 3310 a.
268 3265 340 3309 Notre
353 3264 397 3308 Ms.
411 3277 456 3307 om.
469 3276 495 3306 cc
507 3267 561 3316 mot,
575 3260 649 3307 donne
666 3275 706 3318 pur
724 3264 758 3307 les
770 3262 898 3308 additions
911 3262 938 3306 de
952 3261 1056 3307 Luceme
1068 3263 1125 3319 (Ad.
1139 3262 1164 3308 11
1178 3276 1203 3307 n·
1213 3264 1260 3320 ³0.)

197 3360 223 3369 -
236 3336 258 3380 b.
268 3336 338 3380 Temo
361 3348 419 3391 quta.
430 3359 456 3368 -
466 3347 487 3381 c.
499 3336 570 3379 Teate
583 3338 716 3379 conuentu.

228 3526 251 3572 1.
270 3523 308 3573 Ce
323 3523 468 3584 fragment,
482 3522 551 3573 dans
565 3524 643 3574 notre
665 3522 726 3582 tls..
743 3525 786 3572 est
807 3521 925 3586 precede
940 3520 974 3572 de
994 3521 1022 3571 la
1037 3521 1117 3573 lettre
1130 3522 1165 3584 P;
1189 3523 1259 3573 mats

197 3603 222 3652 le
237 3604 343 3666 copiste
359 3618 374 3652 a
388 3602 490 3663 oublte,
506 3616 556 3668 par
569 3603 691 3664 adtenta,
706 3601 740 3653 de
755 3615 886 3667 marquer
897 3601 931 3653 de
946 3602 974 3652 la
989 3603 1075 3653 meme
1094 3602 1175 3654 lettre
1193 3603 1259 3654 len-

196 3682 268 3733 drott
282 3682 315 3733 de
330 3683 357 3732 la
372 3683 488 3747 legendo
496 3683 589 3748 primo
602 3682 703 3748 auquel
717 3682 734 3732 tl
750 3682 844 3733 devalt
858 3684 916 3733 etro
929 3685 1068 3748 rapporte.
1083 3681 1135 3734 Cet
1151 3682 1261 3734 endroit

196 3766 238 3813 ost
260 3762 444 3813 evidcmment
458 3762 485 3812 la
500 3763 536 3812 dn
557 3762 594 3813 du
616 3763 763 3826 chapttre:
786 3762 827 3812 De
843 3763 964 3812 troardo
987 3763 1061 3814 beati
1082 3763 1196 3813 Antonii
1214 3764 1259 3824 (V.

196 3856 296 3908 snpra:
314 3842 377 3907 teg.
389 3843 490 3908 primo,
504 3846 543 3904 17,
559 3853 597 3892 η’·
615 3843 705 3907 tete),
721 3844 768 3907 qul
788 3845 900 3894 raconto
916 3843 943 3893 la
959 3846 1029 3893 mort
1050 3842 1087 3893 du
1102 3859 1115 3890 α
1131 3844 1258 3894 thauma-

197 3928 275 3986 [urge
290 3941 313 3972 ».
331 3924 406 3973 Dans
420 3924 460 3972 les
476 3937 562 3987 pagos
582 3923 763 3988 precedentes
785 3922 819 3973 de
834 3923 861 3972 la
880 3922 995 3985 legende
1009 3922 1183 3989 Benignitos,
1205 3938 1259 3990 que

197 4004 221 4053 le
237 4006 343 4068 copiste
362 4018 378 4052 a
400 4005 501 4053 omises
521 4017 626 4054 comme
644 4004 746 4054 faisant
766 4002 868 4054 double
888 4002 989 4068 emplot
1009 4016 1076 4054 avec
1098 4003 1124 4053 ta
1142 4004 1258 4069 legendo

195 4085 296 4149 premo,
310 4083 438 4133 devatem.
452 4085 509 4133 etre
525 4083 643 4134 relutees
653 4082 680 4134 la
695 4096 783 4133 venue
797 4083 834 4132 du
849 4085 921 4134 saint
936 4085 952 4133 d
968 4081 1080 4134 Padoue
1094 4087 1122 4135 et
1136 4097 1180 4135 ses
1195 4083 1258 4135 der-

196 4165 286 4213 nierss
300 4163 486 4228 predicattons
501 4162 572 4213 dans
587 4166 658 4214 cette
673 4162 747 4225 vllle,
762 4176 793 4213 sa
809 4165 921 4215 retraite
938 4164 954 4213 d
970 4162 1217 4229 Camposamplero
1231 4168 1259 4216 et

197 4258 227 4294 sa
241 4247 312 4294 mort
326 4245 342 4294 d
357 4243 496 4294 l'Arcellu.
