2934 4822
385 384 415 432 s.
442 384 585 432 inronn
610 385 771 431 incanui
797 390 813 427 «
835 384 1084 432 nrnrorurnsn
1199 365 1265 431 219

695 738 759 838 01

247 1026 277 1092 l.
304 1025 400 1092 Tuno
425 1024 584 1114 primitus
607 1033 781 1114 coeperunt
806 1023 961 1090 homines
990 1023 1204 1102 catervatim,
1227 1047 1263 1091 se

200 1130 414 1198 verberando
438 1154 478 1198 ac
502 1130 645 1199 devotos
665 1141 787 1197 oantus
802 1126 874 1197 'non
899 1129 1011 1197 minus
1033 1129 1155 1197 devote
1172 1130 1264 1219 jubi-

200 1236 314 1315 lando,
335 1237 532 1328 procedere.
558 1240 642 1324 Quae
674 1237 805 1305 seilicet
828 1236 1039 1304 consuetudo
1065 1235 1261 1316 laudabilis,

200 1367 219 1410 a
239 1353 335 1411 tanto
357 1344 553 1413 institutore
578 1344 784 1435 proveniens
796 1347 821 1422 2,
845 1344 887 1410 ab
907 1344 965 1411 illo
985 1354 1136 1434 tempore
1155 1343 1264 1412 erevit

200 1449 343 1533 ibidem;
362 1450 452 1542 quod
468 1452 502 1519 in
518 1452 649 1519 cunetis
671 1452 738 1518 lere
758 1450 842 1518 loeis
864 1450 970 1518 ltalim
991 1451 1100 1518 adhue
1117 1450 1264 1518 maxima

200 1580 276 1624 eum
291 1557 469 1649 diligentia
489 1558 705 1626 observatur.
801 1629 803 1635 ,

244 1669 275 1732 2.
294 1666 324 1733 Ο
340 1665 450 1732 virum
470 1665 642 1743 eximium,
660 1665 832 1732 doctorem
852 1665 1037 1756 insignem,
1060 1664 1264 1755 praedicato-

202 1795 272 1838 rem
313 1771 585 1851 veracissimum,
621 1795 721 1862 quem
764 1771 952 1839 auotoritas
994 1772 1160 1861 majorum
1202 1795 1263 1839 sou

199 1877 405 1944 mittentium
431 1878 613 1967 praemunit
638 1888 672 1946 et
703 1878 859 1955 roborat;
888 1877 1044 1945 diabolus
1069 1877 1099 1944 ei
1126 1877 1263 1945 molitur

199 1983 344 2051 insidias
378 1995 412 2052 et
443 1985 572 2052 obicem
605 1995 796 2075 praeponam
837 1995 945 2052 mater
979 1983 1113 2051 Domini
1149 1985 1262 2075 ipsum

200 2090 381 2158 defendere
410 2092 570 2172 festinat3
593 2091 713 2183 dirigit
738 2102 838 2183 atque
863 2092 1031 2159 confortat
1051 2091 1162 2181 gratia
1185 2091 1260 2171 Dei,

200 2208 233 2265 et
248 2198 344 2265 lavor
359 2198 473 2287 populi
489 2198 643 2265 eumdem
658 2198 839 2265 comitatur
851 2209 884 2266 et
900 2198 1127 2279 obsecundat3
1144 2197 1262 2265 divina

199 2305 310 2395 pietas
331 2305 499 2373 mirabilia
520 2305 609 2372 circa
634 2330 708 2372 eum
736 2316 894 2396 patenter
920 2305 1021 2372 ellioit
1044 2315 1077 2371 et
1102 2315 1260 2396 praestat,

199 2421 312 2502 atque,
353 2413 395 2479 ob
438 2412 548 2501 ipsius
589 2413 877 2503 praedicationem,
922 2412 1053 2479 fruetus
1098 2412 1261 2480 mirificus

200 2518 364 2586 exuberat
383 2518 590 2586 animamm!

198 2842 401 2913 Fragment
432 2855 523 2900 saus
552 2844 710 2912 rapport
736 2856 829 2901 aveo
861 2844 901 2901 la
931 2844 1091 2915 legenda
1123 2843 1258 2914 prima.

398 2982 604 3071 Capitulum
635 2983 733 3049 istud
763 2981 882 3071 deficit
909 2985 1057 3072 supr·a³.

243 3249 271 3312 1.
292 3247 465 3313 Summum
481 3270 613 3337 quoque
630 3247 778 3314 studium
792 3247 866 3315 viro
883 3247 944 3315 Dei
959 3248 1108 3317 Antonio
1126 3244 1259 3339 semper

197 3352 259 3418 luit
274 3352 351 3418 illas
367 3353 515 3420 nefarias
531 3364 565 3420 ot
577 3354 798 3421 detestabiles
814 3355 950 3422 omnino
963 3355 1173 3445 vulpeculas,
1184 3379 1259 3446 quae

228 3579 249 3624 l.
267 3575 304 3624 Le
319 3575 454 3636 fragment
474 3577 496 3626 O
519 3589 550 3625 se
564 3579 696 3640 rapporte
713 3577 729 3626 a
747 3577 773 3626 la
798 3577 833 3626 ssa
848 3576 885 3626 du
909 3576 1034 3641 clrapltro
1061 3580 1163 3642 proelio
1186 3579 1221 3629 do
1233 3579 1260 3629 la

197 3655 313 3718 legendo
327 3656 418 3719 prium
431 3671 439 3704 .·
451 3655 490 3705 Ile
505 3656 646 3706 (testatione
659 3657 754 3722 populi
768 3657 898 3707 I’oduuni
911 3660 936 3707 el
950 3659 1042 3720 fructu
1052 3659 1260 3724 pradicationis

195 3735 262 3798 ejus.
282 3736 303 3784 Il
321 3736 407 3785 serait
427 3737 443 3784 ἐι
466 3736 524 3794 lire,
541 3737 617 3785 solon
639 3737 806 3787 l'indicatlon
822 3736 855 3785 de
871 3741 949 3787 notro
964 3738 1024 3798 lla,
1040 3741 1124 3788 avant
1142 3738 1181 3788 les
1196 3738 1260 3790 dor·

197 3817 286 3864 mores
302 3816 418 3879 phrases
434 3829 438 3861 :
457 3814 511 3864 ,t'er
526 3817 662 3866 silendum
676 3820 751 3881 puto,
767 3821 818 3867 etc.
836 3818 879 3879 (V.
896 3830 980 3881 supra
994 3831 1000 3866 :
1015 3818 1079 3882 leg.
1097 3819 1200 3884 primu,
1221 3822 1259 3880 13,

198 3904 236 3944 n··
251 3898 288 3954 12,
303 3896 366 3957 nte.)

227 3980 250 4023 ι).
269 3976 343 4023 tl'est
360 3976 394 4035 la,
413 3989 481 4024 nous
493 3976 597 4025 l'avons
612 3977 661 4036 dit,
679 3977 722 4036 (V.
741 3990 843 4041 supra:
860 3977 963 4027 lnlrod.
980 3978 995 4026 d
1011 3977 1039 4027 la
1056 3977 1108 4040 leg.
1126 3977 1259 4043 Benigni-

199 4059 252 4111 ms,
266 4056 302 4117 ll)
318 4069 372 4104 nne
387 4069 482 4105 errem·
495 4058 522 4105 et
538 4071 572 4105 un
590 4057 810 4107 armctrronismo.

228 4141 250 4183 3.
268 4138 380 4184 tlonrme
398 4135 561 4199 l'indlquent
574 4150 620 4187 cos
636 4139 706 4187 mols
722 4136 755 4187 de
776 4141 853 4187 notre
870 4138 931 4198 tls,
949 4137 972 4187 lo
988 4138 1123 4200 fragment
1137 4139 1184 4202 qul
1204 4140 1260 4190 sult

196 4228 226 4265 se
241 4228 371 4279 composo
384 4214 511 4266 uertens
526 4218 572 4282 qul
588 4217 646 4267 lont
660 4217 873 4282 completemant
895 4217 991 4269 detaut
1013 4217 1083 4269 dans
1102 4218 1128 4268 la
1143 4219 1259 4284 legenda
