2934 4822
382 394 412 440 s.
439 393 582 440 eunoun
607 394 768 440 nannum
792 400 810 436 ι(
832 392 1042 440 aamornras
1065 399 1082 434 »
1196 374 1261 440 235

201 537 253 600 11.
271 533 301 601 Α
316 532 432 623 pueris
452 532 553 599 etiam
574 531 744 625 Paduauae
764 532 860 599 urbis
882 531 946 598 tuit
970 530 1084 598 obitus
1106 531 1180 621 ejus
1201 554 1262 620 per

198 640 396 707 miraculum
429 638 671 714 denuntiatus:
701 649 781 729 post
813 638 923 728 ipsam
950 648 1106 716 mortem,
1140 638 1203 705 luit
1226 637 1261 705 in
1300 699 1302 706 .

198 772 338 838 corpore
364 747 516 814 totaliter
540 757 574 814 el
600 746 634 813 in
663 745 783 812 melius
810 754 1085 824 transmutatus3
1116 745 1159 811 ab
1185 744 1262 811 uni-

198 855 311 922 versis
330 854 483 944 ejusdcm
503 853 599 921 urhis
619 853 682 921 tuit
701 853 865 921 decessus
888 851 962 941 ejus
983 851 1051 918 lere
1073 850 1260 919 inconsola-

198 962 313 1028 biliter
334 961 549 1050 deploratus;
576 961 734 1051 populus,
761 959 818 1050 qui
843 984 967 1027 versus
994 958 1028 1025 in
1058 958 1260 1026 seditionem

199 1069 320 1150 luerat,
339 1068 388 1135 sio
403 1067 604 1135 miraculose
624 1066 840 1158 paoilioatus3
858 1089 1044 1134 concursus
1061 1066 1259 1155 populorum

199 1175 242 1242 ad
266 1175 376 1265 ipsius
407 1174 572 1241 tumulum
603 1174 667 1241 tuit
695 1173 854 1241 contiuuo
884 1172 1023 1239 mirillce
1048 1171 1216 1239 excitatus
1236 1174 1258 1240 ¹.

202 1286 253 1349 12.
274 1281 384 1360 Unde,
404 1281 433 1348 si
454 1281 503 1348 sio
525 1281 613 1348 huno
633 1291 765 1371 patrem
785 1279 1020 1347 beatissimum
1039 1283 1130 1347 Deus
1152 1278 1261 1346 voluit

198 1389 232 1455 in
266 1388 367 1456 terris
399 1388 587 1480 gloriosum
621 1388 742 1471 lacere,
779 1397 944 1478 quantum
976 1396 1078 1476 putas
1114 1410 1189 1452 eum
1225 1385 1260 1452 in

197 1495 337 1586 perenni
357 1495 468 1586 gloria
489 1494 673 1587 insigniter
692 1494 923 1561 sublimasse?

697 1794 761 1910 Ο.

247 2060 275 2122 l.
295 2055 436 2132 Deinde,
458 2065 537 2145 post
558 2058 598 2121 Te
613 2058 723 2122 Deum
746 2057 941 2123 lnndnmns
961 2055 1181 2123 devotissime
1201 2056 1260 2122 de-

198 2172 384 2247 cantatum,
406 2162 474 2229 alta
496 2185 639 2229 exorsus
660 2172 713 2228 est
738 2164 844 2229 voce3
863 2162 1012 2253 incipere
1038 2162 1258 2253 antiphonam

197 2270 301 2343 illam,
332 2293 407 2359 quaa
441 2268 565 2336 dicitur
591 2268 632 2335 de
658 2268 876 2336 doctoribus:
908 2271 938 2337 Ο
967 2269 1086 2337 doctor
1118 2268 1257 2359 optime,

197 2375 349 2442 ecclesiae
384 2386 512 2442 sanctae
546 2376 671 2453 lumen,
707 2374 806 2443 beale
843 2376 983 2455 Antoni,
1011 2375 1135 2444 divinae
1170 2376 1259 2467 legis

197 2492 342 2568 amator,
363 2481 545 2571 deprecare
567 2505 629 2571 pro
649 2482 747 2550 nobis
767 2482 872 2549 silium
893 2482 968 2550 Dei.
997 2487 1029 2551 2.
1052 2484 1163 2569 Quam
1184 2507 1258 2550 oum

198 2614 259 2655 suo
279 2613 382 2656 versu
398 2598 431 2655 el
450 2589 602 2656 oratione
623 2589 772 2679 propria,
789 2614 857 2657 una
877 2613 953 2657 cum
973 2590 1063 2658 clero
1082 2589 1257 2676 universo,

197 2695 446 2786 gloriosissime
466 2695 663 2763 terminavit
677 2698 701 2762 ⁴.

240 2847 400 2937 Enplicit
432 2849 582 2937 legendo
612 2849 767 2939 gloriosi
793 2849 1008 2937 confessoris
1037 2850 1186 2917 Antonii
1216 2851 1259 2916 de

196 2957 340 3032 Pndite,
370 2955 510 3022 ordinis
537 2958 704 3022 Fratrum
736 2956 929 3034 Minorem,
961 2979 1041 3024 cnm
1072 2957 1259 3024 miraculis

197 3062 367 3150 ejusdem.

228 3280 250 3324 1.
269 3275 310 3326 Cl.
327 3289 430 3340 supra:
448 3276 511 3341 Leg.
522 3276 626 3342 primo,
641 3280 712 3340 part.
728 3278 764 3339 ΙΙ,
780 3281 808 3327 17
824 3278 840 3327 a
854 3281 892 3328 27.

227 3360 250 3405 2.
270 3356 307 3405 Le
322 3358 428 3420 coplata
442 3371 458 3405 a
475 3357 545 3407 omls
566 3371 666 3409 encore
683 3355 846 3422 d'lndtquer,
861 3373 911 3423 par
923 3373 977 3409 una
996 3359 1077 3410 lettra
1097 3373 1258 3423 correspon-

197 3435 289 3497 dente,
318 3437 333 3485 a
361 3437 425 3500 quel
453 3436 562 3487 endroit
589 3436 623 3487 de
647 3438 674 3488 la
697 3438 815 3501 tegendo
839 3439 934 3504 prima
956 3438 1049 3490 devalt
1074 3454 1104 3491 se
1123 3439 1205 3492 raller
1226 3455 1258 3491 ce

196 3515 331 3576 fragment
349 3517 381 3574 Q.
405 3516 427 3565 ΙΙ
452 3516 537 3567 torma
555 3531 591 3566 un
612 3518 795 3582 complement
816 3532 851 3568 au
874 3521 941 3570 reclt
955 3519 989 3570 da
1004 3519 1031 3570 la
1052 3522 1206 3571 ceremonle
1223 3520 1258 3572 de

196 3597 387 3646 canonisation
401 3595 436 3645 du
450 3598 522 3647 salut
537 3611 590 3662 que
606 3596 696 3648 donne
713 3597 738 3649 le
753 3598 891 3662 chapltre:
906 3599 946 3650 De
959 3600 1170 3651 canonizatione
1186 3602 1259 3652 beati

195 3675 310 3726 Antonii
324 3677 366 3738 (V.
384 3690 484 3740 supra:
503 3677 567 3742 Lag.
582 3678 685 3742 prima,
702 3682 741 3739 29,
758 3689 785 3727 n·
799 3680 835 3742 9.)

226 3761 248 3804 3.
269 3755 308 3804 La
323 3757 425 3820 phrase
444 3772 461 3806 a
476 3771 546 3821 pour
563 3760 634 3819 quat
650 3758 837 3821 Gregolrelx.

226 3839 248 3884 l.
268 3836 306 3886 Oe
324 3850 443 3900 passage
461 3850 490 3888 se
510 3840 646 3900 retrouve‚
662 3839 726 3889 aaut
741 3840 875 3904 quelques
897 3844 976 3900 mots,
993 3840 1063 3893 dans
1077 3841 1103 3894 la
1118 3842 1200 3894 Liber
1211 3843 1259 3895 mi·

195 3917 352 3965 recolornm
364 3917 402 3980 ln·
416 3920 465 3974 39),
1338 3917 1343 3927 ’
