2934 4822
381 395 410 440 s.
437 394 581 440 enronn
607 395 767 442 neceam
794 402 810 437 «
833 395 1083 443 canicunis»
1197 378 1260 445 231

198 534 288 625 quod
309 533 399 601 nullo
420 544 473 601 est
496 542 596 623 paeto
624 535 911 624 praetereundum.
943 538 999 603 42.
1034 537 1147 622 Quum
1173 535 1262 603 enim

198 641 390 708 dominator
405 641 460 707 ille
481 641 649 730 superbus
671 665 710 707 ac
730 641 893 731 perfidus,
911 642 1059 709 erudelis
1078 652 1262 733 tyrannus,

198 747 404 815 Eceelinus‘²
433 747 474 814 de
510 751 673 828 Romano,
704 747 740 814 in
773 748 939 838 principio
969 773 1040 815 suee
1068 749 1262 840 tyrannidis

198 853 324 921 eaedem
345 854 517 921 hominum
537 854 676 921 fecisset
695 854 938 944 permaximam
958 854 993 922 in
1013 859 1162 937 Verona,
1185 881 1262 947 per-

199 961 329 1052 cipiens
354 962 417 1028 hoc
436 971 534 1052 pater
557 961 748 1051 intrepidus
773 963 816 1030 ad
840 963 952 1053 ipsum
976 962 1011 1029 in
1036 962 1154 1031 eadem
1177 963 1260 1032 urbe

199 1069 346 1158 positum
370 1068 598 1156 personaliter
617 1068 666 1136 ire
686 1069 882 1137 attentavit.

242 1179 298 1244 43.
320 1177 429 1261 Quem
455 1175 508 1242 his
529 1175 644 1243 verbis
675 1176 879 1267 aggreditur
904 1176 1047 1244 dicens:
1076 1177 1260 1246 Oinimice

199 1282 274 1367 Dei,
316 1293 461 1372 tyranne
499 1282 691 1349 saevissime
723 1294 758 1351 et
790 1282 908 1350 rabide
941 1283 1049 1362 canis,
1084 1308 1260 1376 quousque

199 1389 401 1479 sanguinem
430 1388 693 1456 christianorum
726 1393 803 1474 [148
823 1414 842 1457 a
868 1394 900 1472 2]
920 1389 1094 1458 innoxium
1118 1390 1260 1459 sundere

198 1510 265 1564 n'on
295 1495 477 1563 cessabis?
503 1497 590 1562 Eece
610 1506 725 1563 manet
744 1495 915 1563 sententia
935 1495 1071 1563 Domini
1090 1495 1261 1565 horrenda

197 1614 230 1670 et
260 1603 446 1670 durissima
477 1613 645 1692 superte.
673 1605 729 1670 44.
760 1603 936 1693 Multaque
957 1602 1023 1669 alia
1051 1602 1261 1694 gravissima

198 1721 230 1777 et
252 1734 375 1800 aspera
398 1710 433 1776 in
450 1708 567 1776 laeiem
584 1708 767 1798 sibidixit.
785 1709 1059 1778 Circumstantes
1080 1734 1162 1779 vero
1182 1735 1261 1778 sus·

197 1816 351 1884 tinebant
379 1827 416 1884 ut
441 1816 577 1906 juberet
603 1840 692 1894 eum,
713 1815 803 1883 sicut
822 1828 897 1885 erat
924 1816 1059 1903 solitus,
1081 1816 1258 1886 trucidari.

196 1927 251 1992 45.
281 1923 348 1991 Sed
379 1924 478 1991 aliter
501 1924 627 1990 lactum
656 1933 722 2002 est,
749 1922 894 1990 Domino
925 1923 1151 2014 disponente;
1182 1948 1260 1992 nam

196 2032 285 2099 idem
314 2042 497 2121 tyrannus,
529 2054 589 2120 per
624 2029 726 2119 hujus
753 2029 820 2097 viri
856 2030 919 2098 Dei
946 2031 1053 2098 verba
1082 2041 1259 2122 correptus

197 2149 311 2229 atque,
344 2137 434 2204 omni
464 2136 597 2204 scritate
630 2135 798 2226 deposita,
830 2148 868 2205 ut
898 2159 1011 2227 agnus
1038 2137 1194 2219 effeetus,
1216 2138 1259 2206 ad

198 2246 320 2312 collum
340 2269 417 2313 mox
441 2243 579 2335 cingulo
603 2266 766 2334 appenso,
793 2267 908 2311 coram
927 2244 1001 2312 viro
1023 2245 1085 2313 Dei
1104 2256 1259 2337 prostra-

198 2364 267 2432 tus,
285 2352 417 2443 eulpam
441 2375 537 2418 suam
560 2350 645 2418 dixit
666 2350 849 2431 humiliter,
866 2351 1148 2431 emendationem,
1161 2353 1259 2443 juxta

198 2462 271 2550 ejus
291 2458 553 2549 beneplacitum,
576 2458 827 2548 repromittens.

240 2570 294 2635 46.
318 2565 544 2656 ildjeeitque:
566 2564 640 2633 Viri
660 2564 919 2646 commilitones,
944 2589 1011 2633 non
1031 2565 1198 2633 miremini
1218 2590 1260 2634 ex

198 2674 271 2740 boe.
288 2672 478 2742 Verissime
494 2671 569 2738 dico
591 2671 690 2739 vobis
705 2670 794 2762 quod
810 2671 881 2738 vidi
897 2672 1077 2763 quemdam
1092 2673 1260 2763 fulgorem

197 2780 348 2847 divinum
369 2804 410 2845 ex
434 2779 536 2869 hujus
555 2778 665 2868 patris
690 2778 786 2845 vultu
811 2778 1006 2869 procedere,
1023 2780 1081 2870 qui
1101 2803 1153 2846 me
1174 2780 1260 2848 adeo

197 2887 380 2977 perterruit
399 2897 448 2965 ut,
466 2885 509 2952 ad
524 2885 634 2975 ipsius
655 2884 824 2973 visionem
844 2883 1042 2964 terribilem,
1064 2886 1099 2953 in
1120 2888 1260 2977 prolun-

198 2994 277 3060 dum
302 2993 424 3060 inlerni
450 3016 502 3059 me
523 2992 637 3060 subito
660 2992 812 3084 demergi
838 3004 1049 3083 putaveram.
1076 2997 1131 3063 47.
1155 2996 1200 3062 Et
1219 3018 1260 3062 ex

199 3111 278 3168 tunc
298 3100 333 3167 in
353 3099 500 3166 maxima
520 3099 698 3167 devotione
727 3123 804 3166 eum
832 3123 966 3190 semper
995 3097 1115 3168 habuit
1143 3111 1257 3191 atque,

199 3207 310 3298 quoad
343 3207 429 3274 vixit
462 3206 516 3273 vir
549 3216 703 3287 sanctus,
734 3230 753 3274 a
783 3206 899 3274 multis
930 3230 1005 3297 quae
1038 3207 1189 3288 lecisset,
1222 3218 1260 3276 ut

199 3315 342 3404 ipsemet
362 3313 544 3394 fatebatur,
566 3324 686 3404 postea
707 3313 766 3381 sel
786 3315 929 3382 retraxit
948 3316 969 3382 ¹.

315 3425 368 3490 48.
408 3421 469 3488 Hic
498 3423 671 3511 namque?
697 3421 902 3511 praesignari
936 3432 1050 3511 potest
1078 3446 1139 3512 per
1166 3422 1260 3489 illum

226 3616 248 3645 a.
261 3602 332 3645 'sexte
347 3602 473 3645 Ezelinus.
484 3625 510 3634 -
526 3602 547 3646 b.
561 3602 633 3646 Toxle
642 3614 686 3645 om.
699 3614 735 3647 so.

231 3759 252 3803 1.
268 3757 311 3804 Au
328 3768 409 3805 cours
423 3754 457 3804 de
478 3758 556 3805 notre
571 3755 765 3816 introductlon,
784 3769 853 3805 nous
868 3767 956 3805 avons
971 3755 1078 3817 slgnale
1093 3769 1123 3806 ee
1139 3756 1203 3820 qu'll
1217 3770 1231 3818 y
1246 3771 1262 3807 a

199 3836 456 3899 d'historiquement
477 3836 540 3885 laux
555 3839 582 3886 et
598 3835 631 3886 de
651 3835 870 3886 tabuleuscment
887 3835 1045 3899 legendaire
1064 3835 1134 3887 dans
1150 3850 1180 3887 ce
1196 3839 1263 3888 iecit

200 3915 233 3965 de
244 3916 392 3966 l'entrevue
403 3915 550 3967 d'Antolne
561 3930 628 3966 avec
640 3916 772 3966 Ezzellnc.
787 3915 931 3980 L'episcde
941 3919 984 3966 est
995 3919 1106 3967 recente
1116 3930 1150 3967 en
1162 3921 1262 3968 termes

201 3996 355 4060 ldenthues
371 3997 385 4044 ἐι
403 3998 481 4047 notre
505 4000 577 4047 texte
594 3996 664 4046 dans
686 3997 727 4046 les
747 3997 890 4047 additions
906 3995 939 4046 de
960 3996 1083 4047 Luceme
1100 3998 1144 4060 (V.
1161 4011 1260 4061 supra:

200 4075 331 4124 addition
348 4077 383 4133 ΙΙ,
399 4086 437 4124 n⁰·
452 4080 532 4137 iri-22)
548 4079 574 4125 et
589 4077 658 4125 dans
674 4076 699 4125 le
716 4076 796 4126 Liber
809 4077 1005 4126 miraculorum
1021 4072 1059 4138 (ri·
1073 4079 1123 4141 35).

231 4160 254 4205 ⁴2.
271 4156 325 4205 Ces
340 4159 409 4206 mols
429 4169 462 4205 ne
477 4170 506 4205 se
523 4157 589 4205 lient
604 4170 654 4219 pas
669 4169 737 4206 avec
751 4169 782 4206 ce
795 4157 842 4220 qul
858 4156 990 4220 precede3
1007 4157 1025 4206 il
1042 4156 1147 4207 semble
1168 4158 1232 4222 qu'll
1248 4173 1263 4220 y

201 4235 239 4283 ait
255 4235 287 4284 lei
304 4248 356 4284 une
372 4235 479 4295 lacune,
495 4235 557 4285 bien
572 4249 625 4300 que
640 4237 696 4285 rien
713 4250 747 4287 ne
762 4236 789 4286 la
804 4237 910 4298 signate
923 4236 993 4286 dans
1006 4237 1031 4288 le
1044 4237 1094 4288 us.
