2934 4822
332 399 362 445 s.
389 399 532 444 nnronn
557 399 717 446 essenon
743 399 868 458 rnrns,
894 378 937 445 36
957 397 998 443 nr
1018 378 1061 446 37
1166 378 1225 444 101

495 811 555 871 36.
573 813 625 868 De
640 810 854 881 epilepticis
870 817 895 868 ἃ.

210 1106 240 1169 1.
264 1104 302 1168 ln
324 1101 462 1168 civitate
477 1099 665 1168 Paduana⁶
681 1111 755 1167 erat
771 1099 891 1167 mulier
906 1099 1074 1190 quaedam,
1093 1100 1229 1169 nornine

165 1208 387 1287 Miehelota⁶‚
410 1231 496 1298 quae,
520 1231 621 1298 quurn
649 1231 710 1298 per
729 1206 802 1274 dies
823 1216 898 1274 octo
918 1207 1124 1298 aegritudine
1148 1231 1228 1298 qua·

164 1315 243 1383 darn
257 1315 441 1392 laboraret,
459 1314 609 1393 tandem,
634 1313 741 1382 morbi
762 1312 881 1380 caduci
901 1323 997 1403 peste
1018 1313 1228 1382 horribiliter

164 1434 342 1512 occupata,
364 1421 477 1489 lurnen
501 1421 675 1488 oculorum
701 1420 838 1511 penitus
863 1420 1053 1488 amiserat⁶l
1066 1431 1100 1489 et
1127 1421 1227 1489 morti

164 1528 439 1619 appropinquare
460 1528 536 1594 visa
557 1538 622 1595 est.
650 1532 681 1594 2.
706 1529 818 1615 Quam
839 1550 942 1617 qnurn
966 1537 1075 1594 mater
1089 1516 1163 1618 ejirs
1184 1528 1227 1595 ad

164 1638 275 1704 sancti
304 1635 413 1725 patris
443 1634 583 1701 Antonii
613 1635 778 1702 tumulum
807 1634 1006 1725 deportarit
1026 1634 1166 1702 lecisset
1195 1646 1229 1703 et

164 1766 267 1832 super
287 1765 412 1825 arcam,
435 1741 601 1808 orationis
617 1741 743 1832 gratia,
761 1741 976 1823 collocasset,
992 1765 1081 1821 mox,
1099 1743 1228 1832 apertis

163 1848 283 1929 oculis,
311 1849 424 1915 lumen
453 1848 580 1938 recepit
609 1858 654 1927 et,
685 1848 728 1915 ab
757 1872 796 1915 eo
826 1858 991 1938 ternpore,
1020 1848 1230 1939 epilepticos

164 1979 378 2046 nequaquam
393 1965 490 2046 peste
506 1955 716 2023 laboravite.

209 2067 241 2131 3.
278 2064 367 2129 Puer
391 2061 541 2152 quidam,
575 2061 709 2129 nomine
739 2062 887 2148 Simeon,
917 2062 960 2129 ab
989 2063 1089 2130 annis
1116 2063 1228 2131 tribus

165 2169 274 2236 morbi
295 2168 413 2236 caduci
432 2169 654 2260 passionibus
673 2179 797 2247 tortus,
820 2169 989 2259 pronam'·
1009 2179 1110 2237 terrae
1126 2193 1228 2260 quarn

165 2300 256 2365 saepe
271 2275 392 2343 faeiem
407 2275 609 2357 collidebat3
627 2299 796 2367 quumque
823 2276 955 2344 ruinam
979 2301 1106 2367 passus
1125 2277 1228 2345 mise·

164 2381 318 2449 rabiliter
338 2381 532 2472 palpitaret,
558 2383 648 2449 nullo
669 2407 705 2449 se
732 2383 908 2450 conamine
928 2382 971 2450 ad
994 2383 1104 2451 locum
1125 2383 1228 2451 alium

164 2513 301 2555 rnovere
327 2499 460 2579 poterat
472 2491 492 2556 ¹'.
515 2493 547 2556 4.
578 2494 680 2557 Facto
703 2490 810 2581 igitur
835 2500 927 2571 voto,
950 2490 1097 2559 sollicita
1121 2501 1229 2559 mater

163 2595 237 2685 ejus
253 2595 296 2663 ad
317 2597 427 2663 sancti
448 2597 588 2664 Antonii
614 2598 779 2664 tumulum
799 2621 940 2687 puerum
960 2597 1068 2675 duxit,
1086 2599 1229 2688 fusaque

164 2702 317 2770 oratione
342 2702 652 2783 dornum‘rediens⁹
671 2728 885 2795 nequaquam
907 2704 996 2772 ultra
1018 2704 1118 2774 dictae
1134 2705 1230 2773 infir·

164 2809 319 2878 mitarisr'
339 2810 393 2876 vel
414 2811 516 2901 signa
535 2811 686 2901 pertulit.

517 3226 577 3284 37.
594 3227 646 3282 De
661 3224 832 3297 globosis
845 3220 871 3284 ¹³.

212 3518 240 3581 1.
255 3517 272 3580 J
277 3513 417 3580 nvenis‘
431 3513 582 3604 quidam,
595 3513 843 3583 Tridentinusm
855 3515 1000 3596 nomine,
1018 3539 1120 3606 quum
1137 3517 1231 3608 quin·

166 3644 230 3710 qne
264 3644 429 3686 annorurn
451 3621 575 3710 spatio,
607 3633 825 3689 excrescente
845 3621 880 3689 in
907 3622 1008 3713 spina
1031 3624 1126 3690 dorsi
1158 3624 1232 3715 ejus

192 3846 213 3876 a.
229 3835 279 3875 Alo.
293 3834 380 3876 saorra
396 3834 527 3889 cpttcttris.
552 3834 617 3877 Poris
639 3835 673 3878 De
691 3835 832 3890 opilentlcts
854 3837 959 3880 sanatis.
977 3859 1003 3867 —
1019 3836 1111 3881 b.an
1133 3842 1155 3881 ct
1177 3839 1232 3883 Part.

166 3905 265 3947 Portant
287 3927 313 3935 -
336 3918 354 3947 r.
380 3904 435 3948 an.
461 3905 603 3949 lliclrotcta.
626 3907 683 3949 Aac.
708 3906 861 3951 llicbalotta.
883 3931 909 3939 -
930 3909 954 3952 (t.
978 3907 1152 3953 Porisatnr'sit.
1172 3933 1197 3941 —
1212 3922 1232 3954 c.

165 3974 232 4017 Paris
256 3975 395 4029 deportare.
417 4000 443 4007 -
471 3976 553 4030 talc.
582 3979 621 4021 '28¹3
648 3977 790 4033 epitomica.
813 4002 839 4010 -
860 3992 882 4034 (ι,
906 3980 1000 4023 Ancono
1020 3984 1081 4023 omct
1102 3981 1122 4023 lc
1142 3978 1232 4025 steten:

165 4056 243 4099 (prason
255 4057 301 4098 por
313 4046 367 4088 ‹ttrs
380 4048 435 4088 octo
447 4046 596 4099 mortuone
608 4049 719 4102 quiedam
732 4049 864 4093 laboraret.
875 4052 932 4094 -1ι,
943 4050 999 4093 Luc.
1009 4062 1099 4105 prona.
1115 4075 1141 4083 -
1152 4052 1167 4095 i.
1181 4053 1232 4096 Alc.

165 4117 205 4160 980
220 4120 242 4158 ot
258 4115 322 4157 Paris
332 4118 423 4172 potnit.
438 4117 494 4161 lan.
508 4132 534 4161 se
546 4120 636 4172 potuit.
650 4143 676 4151 -
688 4120 707 4174 j.
721 4121 773 4163 arc.
785 4123 825 4164 aso
846 4121 996 4175 instrrrritntt.
1015 4146 1042 4154 -·
1062 4121 1085 4166 lt.
1103 4122 1168 4167 Paris
1188 4137 1232 4168 orn.

166 4186 201 4231 De
212 4186 328 4236 attonsis.
342 4211 367 4218 -
382 4187 398 4230 l.
415 4187 470 4231 an.
485 4190 600 4243 Stpnron.
618 4190 732 4233 Jaocnls.
745 4213 771 4223 -
785 4203 818 4234 tn.
832 4192 883 4234 Alc.
896 4193 936 4236 ⁴280
949 4192 1086 4238 Triattnus.
1099 4191 1156 4239 Luc.
1173 4194 1234 4240 Ter·

268 4272 269 4280 ¹
291 4257 346 4302 Part,
363 4259 502 4305 Trtntr'nas.
518 4261 583 4304 Paris
596 4261 730 4305 Martinus.
