2934 4822
438 422 627 468 uonrrrons
649 422 694 466 nu
715 422 773 467 us.
797 422 840 466 on
861 421 1020 468 nucsnus
1200 403 1263 469 123

243 565 297 630 25.
331 563 510 653 Quumque
541 561 584 629 ad
605 585 728 629 novam
754 560 946 642 basilicam,
969 584 1043 652 quie
1072 559 1107 626 in
1135 559 1263 627 honore

199 668 309 737 sancti
341 669 482 736 Antonii
516 669 682 736 fabricata
714 681 749 737 et
781 669 938 736 dedicata
971 679 1037 755 est,
1073 668 1108 734 in
1141 677 1263 735 octava

134 844 136 847 ,
198 777 352 854 Paschae,
375 777 449 863 ejus
478 775 761 854 transferrentur,
784 780 855 843 Deo
876 775 1003 865 dignae,
1025 773 1188 865 reliquiae,
1211 761 1263 840 in-

196 893 298 950 venta
315 892 367 949 cst
386 883 506 973 lingua
527 882 638 950 sancti
655 883 795 950 Antonii
815 906 934 950 recens
955 881 1052 958 adeo,
1076 880 1263 948 rubicunda

198 1000 232 1056 et
264 989 417 1079 pulchra,
448 1014 523 1080 quie
552 1014 612 1079 per
642 989 785 1080 triginta
814 989 900 1057 duos
929 1012 1037 1056 annos
1063 986 1171 1076 jacuit
1197 987 1262 1054 sub

197 1107 303 1173 terra,
321 1096 419 1187 quasi
435 1096 553 1163 eadem
569 1096 651 1163 hora
667 1107 764 1186 pater
779 1095 1019 1165 sanctissimus
1039 1094 1259 1162 decessisset.

198 1206 251 1271 26.
275 1204 386 1289 Quam
402 1203 552 1292 profecto
571 1203 778 1270 venerabilis
798 1203 863 1282 vir,
880 1203 985 1269 frater
1006 1205 1259 1281 Bonaventura,

198 1333 305 1377 sacrae
325 1309 507 1399 theologiae
523 1309 642 1376 doctor
661 1310 876 1400 magnificus,
902 1319 982 1376 tunc
1007 1308 1178 1399 generalis
1200 1307 1262 1374 mi-

198 1417 306 1483 nister
330 1415 474 1493 ordinis,
504 1416 721 1505 postmodum
743 1416 928 1483 cardinalis
954 1415 1135 1505 episcopus
1157 1415 1263 1482 Alba·

197 1523 328 1602 nensis,
351 1523 408 1613 qui
428 1533 670 1612 praesenserat
692 1522 791 1610 hujus
808 1522 1045 1590 translationis
1060 1521 1209 1613 gaudiis,
1228 1522 1262 1588 in

197 1630 355 1697 manibus
375 1639 571 1696 reverenter
585 1628 769 1719 accipiens,
791 1629 957 1720 irrigatus
973 1629 1007 1695 in
1023 1628 1158 1695 modum
1179 1651 1259 1719 pro·

198 1736 302 1803 fluvio
326 1736 557 1815 lacrimarum,
575 1735 672 1802 affari
696 1759 770 1802 eam
792 1736 920 1826 coepit⁰
944 1734 1177 1826 hujuscemodi
1202 1735 1261 1802 de·

196 1843 390 1911 votissimis
423 1843 554 1922 verbis,
587 1866 701 1909 coram
730 1843 884 1932 pluribus
916 1842 998 1910 inibi
1037 1842 1259 1910 constitutis:

197 1953 251 2018 27.
271 1951 299 2017 Ο
316 1951 434 2040 lingua
455 1950 647 2035 benedicta,
673 1973 747 2040 qum
768 1973 902 2040 semper
924 1949 1103 2016 Dominum
1122 1948 1263 2016 benedi-

197 2057 277 2123 xisti
294 2080 333 2124 ac
353 2057 455 2124 otiam
469 2056 554 2124 alios
571 2056 769 2123 benedicere
785 2068 821 2124 tu
838 2056 960 2135 fecisti,
979 2079 1067 2122 nunc
1083 2057 1262 2124 manifeste

197 2174 339 2254 apparet
359 2163 477 2254 quanti
498 2163 637 2230 exsistis
658 2162 768 2229 meriti
788 2163 876 2252 apud
899 2167 1027 2230 Deum!
1049 2166 1103 2230 28.
1123 2165 1166 2230 Et
1186 2163 1262 2229 infi-

197 2295 284 2361 gens
304 2271 334 2337 ci
360 2270 477 2337 oscula
502 2269 611 2336 dulcia
639 2280 672 2336 et
698 2268 835 2351 devota,
862 2269 968 2358 jussit
995 2293 1070 2336 cam
1092 2293 1260 2351 seorsum,

196 2389 297 2469 prout
317 2388 391 2444 crat
406 2376 603 2467 expediens,
626 2375 808 2443 honorifice
829 2376 1022 2443 collocari¹.

240 2488 294 2553 29.
318 2484 446 2551 Eodem
467 2484 544 2550 die2
564 2482 779 2550 dormitionis
800 2483 909 2550 sancti
930 2482 1084 2561 Antonii,
1103 2483 1262 2551 famosis-

197 2592 304 2658 simus
320 2591 489 2682 quondam
505 2590 560 2657 ille
577 2589 685 2657 abbas
705 2589 949 2675 Vercellensis,
968 2588 1094 2656 divinis
1109 2590 1262 2658 intentus

196 2697 476 2765 meditationibus
511 2696 688 2786 sacrisque
725 2706 910 2786 occupatus
938 2696 1155 2775 lectionibus,
1188 2708 1263 2766 erat

197 2805 291 2872 solus
307 2805 461 2871 reclusus
482 2804 516 2869 in
535 2825 670 2870 camera
691 2827 764 2869 sua.
787 2805 842 2871 30.
870 2805 979 2891 Quem
995 2814 1136 2871 sanctus
1153 2806 1262 2872 rinto-

197 2912 287 2988 nius,
309 2911 388 2978 dum
418 2911 561 2988 viveret,
584 2909 763 2977 dilectione
784 2908 968 2999 praecipua,
987 2920 1020 2977 et
1040 2933 1057 2976 e
1081 2934 1260 2992 converso,

198 3019 308 3085 suerat
321 3018 438 3085 intime
452 3027 666 3107 prosecutus,
680 3016 896 3105 potissimum
910 3040 951 3083 ex
970 3040 1009 3083 eo
1025 3017 1104 3107 quia
1120 3028 1262 3085 sanctus

202 3125 372 3192 Antonius
388 3124 591 3215 quandoque
611 3122 836 3213 perdocuerat
855 3146 931 3189 eum
953 3147 1060 3190 sacrae
1079 3124 1262 3213 theologiae

198 3232 376 3299 scientiam
397 3241 429 3297 et
449 3230 516 3308 ille,
532 3254 632 3297 versa
652 3230 740 3310 vice,
754 3229 852 3297 libris
875 3230 985 3298 sancti
1003 3230 1159 3321 Dionysii
1175 3230 1262 3320 dog·

198 3350 288 3405 mata
320 3362 396 3404 eum
423 3337 587 3404 instruxit
613 3337 780 3403 altissima
811 3346 844 3403 et
868 3336 1004 3403 devota.
1032 3341 1086 3404 31.
1116 3341 1165 3404 De
1195 3360 1262 3428 quo

194 3447 265 3535 jam
281 3444 392 3511 dictus
413 3444 520 3510 abbas
537 3444 638 3510 otiam
654 3443 747 3521 alibi,
772 3443 806 3509 in
827 3442 973 3533 quodam
992 3442 1152 3511 videlicet
1172 3466 1263 3510 corn·

197 3563 311 3618 mento
340 3575 415 3626 suo,
439 3549 723 3617 excellentissimo
752 3549 863 3640 ipsum
883 3549 1162 3630 commendando,
1184 3573 1263 3640 pro·

195 3658 370 3748 loquitur:
408 3661 540 3736 Frater,
575 3656 697 3746 inquit,
728 3655 899 3724 Antonius
935 3656 1066 3723 ordinis
1105 3660 1263 3724 Fratrum

200 3798 410 3811 -ι-

223 3867 246 3899 α.
260 3855 331 3898 Tcxtc
344 3854 423 3908 affare
436 3852 537 3907 incepit.

198 3959 409 3974 -ί

230 4029 252 4074 t.
267 4024 306 4073 ut.
324 4025 397 4075 trra
416 4025 563 4085 Bronrrn„
588 4038 649 4088 cap.
664 4025 740 4084 VIII,
755 4024 798 4074 cd.
822 4023 858 4072 du
874 4024 904 4073 P.
924 4024 1089 4085 Ferdtnand,
1106 4039 1133 4089 p.
1151 4028 1261 4077 tot-104.

229 4110 252 4155 ⁴2.
271 4106 325 4155 Cos
344 4109 423 4165 mols,
440 4106 486 4169 qui
503 4106 620 4155 forment
635 4106 668 4154 ict
683 4119 719 4153 un
738 4119 791 4154 non
808 4118 880 4163 sens,
898 4108 1045 4161 montrent,
1062 4120 1131 4155 nous
1147 4105 1172 4156 le
1189 4109 1263 4170 repo·

198 4189 269 4246 tons,
286 4199 339 4250 quc
354 4199 399 4234 ces
414 4187 496 4235 rectis
520 4189 581 4235 sont
605 4187 703 4235 nutant
727 4184 760 4234 de
776 4185 936 4247 fragments,
955 4187 1006 4234 mis
1022 4185 1263 4238 maladroitement

198 4266 296 4317 bonta
316 4265 390 4316 bont.
