2934 4822
434 352 463 399 s.
490 351 634 397 aurona
659 349 820 397 inarum
845 347 967 406 rmus,
993 328 1035 396 31
1213 329 1257 397 89

190 493 282 561 tibus
306 492 450 572 cunctis,
472 515 547 560 eam
571 490 745 559 clauderet
769 500 803 558 et
829 487 988 579 aperiret.
1011 491 1066 557 35.
1089 486 1256 577 Deposita

191 623 272 667 vero
285 601 327 667 de
341 624 432 676 arca,
447 599 564 668 statim
579 597 706 665 exsiliit
722 608 767 678 et,
780 607 907 686 optata>
922 595 1081 663 restituta
1099 594 1254 675 sanitati,

190 707 384 775 laetabunda
400 706 572 774 discessit.

234 819 289 883 36.
312 815 408 882 Civis
429 813 566 904 quidam
588 812 782 895 Paduanus,
802 812 936 878 nomine
952 813 1088 888 Petrus,
1105 808 1255 877 habebat

191 921 295 986 filiam
315 921 449 986 nomine
479 919 715 997 Paduanam‘1,
737 942 825 1008 quai,
852 941 955 1008 quum
986 928 1132 1007 quatuor
1162 926 1255 983 esset

191 1051 369 1105 annorum,
390 1026 481 1093 omni
500 1049 644 1116 prorsus
659 1026 767 1093 ollicio
787 1024 911 1115 pedum
933 1024 1110 1109 destituta,
1128 1022 1163 1090 in
1183 1046 1255 1089 mo-

191 1134 270 1201 dum
290 1134 473 1224 reptilium,
495 1133 652 1200 manibus
675 1131 824 1223 repensl
844 1130 1035 1199 incedebat.
1060 1131 1254 1198 Dicebant⁶

190 1254 304 1310 autem
319 1243 410 1332 quia,
433 1241 551 1308 morbo
573 1239 779 1330 epilepticod
799 1238 973 1316 laborans,
995 1237 1116 1305 cadere
1140 1248 1174 1305 et
1193 1260 1254 1302 vo-

189 1348 314 1415 lutari⁹
339 1372 430 1437 saepe
453 1357 690 1415 consueverat.
713 1349 767 1415 37.
791 1348 1024 1435 Quamquam
1048 1355 1146 1435 pater
1165 1345 1252 1434 ejus,

189 1454 268 1520 dum
288 1454 398 1521 adbuc
417 1455 549 1521 viveret
565 1464 706 1520 sanctus
727 1453 911 1531 Antonine,
932 1453 967 1519 in
987 1451 1136 1519 brachiis
1157 1451 1254 1542 baju-

188 1561 264 1629 lans
293 1560 414 1637 eidem,
447 1561 501 1627 die
528 1560 717 1651 quadani,
740 1559 804 1627 iter
830 1559 966 1626 facienti
991 1582 1052 1648 per
1080 1558 1253 1626 civitatem

188 1667 377 1744 obviasset,
401 1668 516 1757 rogari
537 1668 638 1757 coepit
657 1677 695 1734 ut
715 1666 793 1734 filiae
814 1690 884 1733 suae
905 1666 1043 1757 signum
1058 1665 1169 1732 crucis
1191 1665 1253 1731 im-

188 1775 360 1864 primeret.
383 1778 437 1842 38.
461 1774 571 1863 Cujus
587 1773 687 1840 iidem
708 1783 805 1862 pater
821 1783 961 1839 sanctus
976 1771 1171 1850 attendens,
1193 1771 1253 1839 be·

189 1881 317 1950 nedixit
351 1905 425 1948 eam
454 1905 494 1948 ac
527 1881 669 1948 dimisit.
704 1883 806 1946 Pater
836 1904 919 1947 vero
952 1879 1086 1969 puellae,
1117 1878 1253 1946 domum

188 2002 411 2080 regressusi',
440 1999 588 2056 erectam
615 1989 718 2056 filiam
744 2011 846 2078 super
871 1987 975 2078 pedes
1002 2011 1084 2054 suos
1108 1987 1250 2067 statuii;

186 2119 263 2186 quae
287 2119 365 2162 mox
376 2097 404 2172 l,
429 2106 622 2163 sustentata
643 2096 805 2175 scabello,
823 2095 888 2162 huc
912 2104 946 2162 et
964 2095 1043 2161 illue
1066 2093 1115 2160 ire
1135 2093 1249 2183 coepit.

187 2207 242 2272 39.
265 2202 425 2271 Sublato‘
446 2212 559 2270 autem
581 2202 715 2269 demum
735 2225 874 2270 scamno
892 2202 916 2281 s,
935 2212 1033 2291 pater
1049 2201 1079 2268 ei
1095 2200 1252 2267 baculum

186 2309 339 2377 tradidit.
355 2313 433 2400 lpsa
444 2333 538 2388 veru,
552 2334 688 2399 semper
700 2310 894 2400 proficiens,
907 2308 1017 2376 eundo
1029 2317 1062 2375 et
1078 2307 1251 2375 redeundo

186 2439 247 2505 per
275 2416 480 2482 domicilium
504 2416 685 2484 incessitl.
712 2420 767 2485 40.
799 2419 849 2483 lta
876 2414 1033 2505 denique,
1060 2413 1251 2482 beatissimi

187 2523 326 2590 Antonii
348 2524 491 2602 meritis,
513 2523 555 2590 ad
576 2523 713 2613 plenum
733 2522 907 2590 convaluit
926 2532 963 2589 ut
984 2520 1093 2589 nutio¹
1113 2521 1252 2612 penitus

187 2631 419 2697 sustentaculo
439 2640 557 2720 egeret
568 2644 604 2708 m,
627 2654 700 2705 nec,
722 2631 765 2697 ab
790 2654 829 2696 eo
849 2639 1001 2719 tempore
1022 2652 1088 2719 quo
1112 2627 1253 2719 signata

186 2747 252 2811 est,
273 2737 470 2826 passionem
490 2737 544 2803 vel
565 2737 737 2804 minimam
754 2737 863 2804 morbi
890 2735 1008 2803 caduci
1034 2734 1248 2802 sustinuerit.

229 2845 284 2910 41.
303 2843 427 2910 Mulier
438 2838 457 2885 ’ί
470 2843 635 2933 quaedam,
654 2843 763 2910 Maria
776 2843 910 2910 nomine
921 2857 949 2923 ⁰,
968 2864 1084 2933 quum,
1098 2851 1251 2931 tempore

186 2948 344 3039 quodam,
368 2973 474 3039 equas
504 2949 613 3039 patris
638 2950 691 3016 sui
712 2960 841 3027 secuta,
870 2950 968 3039 juxta
989 2949 1141 3015 llumenl’
1161 2949 1251 3039 quod

189 3059 314 3122 Brenta
334 3055 470 3134 dicitur,
488 3056 561 3122 sola
581 3057 645 3122 sub
662 3079 744 3124 nuce
760 3056 907 3147 quadam
923 3056 1138 3123 consedisset
1152 3071 1181 3135 t,
1198 3056 1251 3122 vir

186 3163 323 3254 quidam
353 3163 463 3254 niger,
494 3163 534 3230 de
556 3164 692 3230 llumine
722 3163 916 3252 egrediens,
938 3173 1031 3230 recto
1050 3163 1187 3230 tramite
1208 3163 1250 3229 ad

187 3293 260 3336 eam
282 3270 375 3337 venit
399 3280 703 3361 assumptamquer
723 3270 758 3336 in
783 3270 934 3337 brachiis
961 3270 1004 3337 ad
1024 3294 1144 3338 nucem
1164 3271 1250 3339 alte-

186 3400 270 3455 ram,
289 3400 397 3466 quiue
417 3377 537 3444 vicano
561 3387 647 3456 crat,
665 3377 826 3467 portavit.
855 3381 910 3445 42.
933 3379 1112 3468 Quumque
1133 3388 1250 3469 stupe-

211 3650 233 3681 a.
249 3638 300 3680 Atc.
311 3638 351 3682 286
364 3638 552 3682 lucianam-
567 3640 588 3682 b.
600 3638 652 3683 Alc.
665 3641 705 3684 286
719 3649 741 3683 ei
755 3639 812 3684 Luc.
826 3651 937 3695 serpens.
948 3663 974 3673 -
989 3653 1010 3685 c.
1024 3641 1091 3685 Paris
1104 3641 1211 3686 dicebat.
1224 3665 1250 3676 -

183 3709 207 3752 d.
219 3709 271 3752 Alc.
281 3710 321 3754 280
330 3709 453 3762 epitriico.
470 3709 535 3753 Paris
547 3709 688 3759 epilentico.
702 3734 727 3743 -
742 3724 762 3754 c.
779 3711 836 3755 Luc.
848 3725 893 3756 orn.
906 3712 1023 3757 volutari.
1038 3713 1089 3756 Alc.
1103 3714 1143 3759 aaa·
1158 3713 1250 3770 volup-

184 3781 240 3824 tari.
257 3803 282 3812 -
295 3779 314 3833 s.
329 3780 385 3824 Luc.
398 3782 517 3834 quodam.
531 3804 557 3813 -
572 3794 594 3836 ῃ.
609 3782 676 3825 Paris
693 3795 817 3827 reuersus.
830 3807 856 3816 -
871 3784 895 3827 b.
909 3784 977 3828 Paris
990 3797 1035 3828 om.
1048 3796 1115 3828 mox.
1128 3807 1153 3817 -
1167 3785 1182 3829 i.
1197 3786 1250 3830 Alc.

183 3853 223 3896 aab
240 3851 351 3895 sabbato.
368 3852 421 3906 -12
438 3851 505 3895 Paris
519 3853 635 3897 scabella.
646 3874 671 3887 -
691 3855 713 3896 tr.
730 3854 794 3898 Dans
814 3867 855 3898 son
870 3854 934 3908 recti,
947 3856 968 3899 le
982 3865 1042 3900 texte
1056 3857 1173 3900 d'Ancone
1190 3867 1251 3900 omer

184 3923 218 3967 les
233 3922 328 3965 details:
345 3934 400 3977 quae
417 3935 484 3974 uror.
505 3927 645 3968 aristentata
666 3926 783 3972 scabello.
805 3926 854 3970 buc
872 3929 895 3970 ei
913 3925 969 3970 iiiut
987 3926 1022 3970 ire
1043 3928 1124 3982 capu.
1147 3928 1250 3972 Sublato

184 3997 266 4036 atatem
283 3994 387 4037 demum
401 4005 512 4045 scamno,
528 3996 636 4049 pateret
653 3996 771 4040 baculum
787 3997 898 4041 tradidit.
919 3998 978 4053 ipsa
994 4010 1059 4049 vero,
1075 4010 1175 4054 semper
1187 4012 1249 4054 pro-

184 4065 279 4118 ficiens,
295 4065 377 4107 eundo
392 4066 554 4109 circueundo
566 4078 614 4121 per
627 4067 786 4111 domicilium
803 4068 914 4112 incessit.
924 4091 951 4104 -
964 4069 979 4111 i.
993 4069 1045 4113 Alc.
1061 4071 1101 4115 28ss
1115 4070 1207 4114 nulius.
1222 4093 1249 4103 -

184 4147 218 4179 m.
235 4134 301 4185 Luc..
318 4135 372 4179 Pad.
384 4140 461 4189 coeat.
475 4158 502 4170 -
517 4150 542 4181 n.
560 4137 616 4181 Luc.
631 4139 748 4193 Siquam.
765 4139 864 4183 Mulier.
889 4163 915 4172 -
929 4153 950 4184 0.
966 4140 1022 4184 Luc.
1038 4153 1083 4185 om.
1098 4141 1207 4187 nomine.
1222 4163 1249 4176 ·-

182 4219 208 4264 p.
219 4207 272 4251 Alc.
282 4207 321 4252 aab
333 4207 449 4262 fluvium.
460 4230 486 4241 -
497 4220 519 4264 q.
532 4209 599 4253 Paris
608 4210 722 4257 sedisset.
732 4232 759 4244 —
773 4223 793 4255 r.
804 4210 862 4256 Luc.
874 4215 1054 4269 assumptaque
1068 4225 1105 4258 ea.
