2934 4822
428 375 456 420 s.
484 375 629 421 anronu
654 375 815 421 nacnnnn
840 374 960 435 rarus,
985 353 1025 419 13
1218 354 1262 420 47

199 768 255 827 13.
279 771 331 826 De
347 756 542 826 devotione
556 767 682 838 populi
695 765 864 826 Paduam
880 767 918 824 et
932 765 1058 825 fructu
1077 764 1262 836 praedtca·

254 864 370 925 ttonls
392 866 474 936 ejus
487 872 513 924 ¹¹.

244 1176 271 1240 l.
302 1172 424 1263 Igitur,
459 1182 641 1263 postquam
680 1195 801 1239 servus
841 1170 902 1239 Dei
931 1171 1102 1239 Antonius
1135 1169 1261 1239 ostium

199 1279 264 1347 sibi
276 1279 445 1346 sermonis
459 1279 583 1369 aperiri
595 1278 756 1346 cernebat
769 1288 802 1345 et
813 1278 958 1368 populus
972 1277 1006 1345 in
1021 1277 1261 1346 multitudine⁶

198 1387 311 1477 gravi,
339 1386 438 1476 quasi
469 1399 577 1453 area⁶
608 1385 750 1453 imbrem
780 1385 915 1461 sitiens,
937 1385 980 1452 ad
1009 1408 1085 1452 eum
1112 1384 1261 1476 undique

197 1493 406 1568 conveniret,
424 1492 641 1582 quotidianas
653 1491 873 1582 percivitatis
887 1491 1078 1559 ecclesiasd
1093 1492 1261 1560 stationes

197 1600 418 1678 constitnit⁶;
441 1622 623 1689 quumque,
645 1621 715 1688 prae
736 1594 950 1665 multitudine
970 1597 1263 1665 adventantium!

196 1706 348 1773 virorum
369 1729 407 1773 ac
433 1705 624 1786 mulierum,
650 1705 871 1772 ecclesiarum
890 1704 1039 1772 ambitus
1064 1729 1126 1795 pro
1152 1714 1261 1772 tanto·

197 1837 270 1879 rum
281 1823 382 1903 captu
396 1811 594 1903 populorum
607 1835 819 1902 nequaquam
829 1811 1035 1890 sufficerent,
1048 1811 1091 1879 ad
1107 1812 1262 1902 spatiosa

196 1930 371 2010 pratorum
390 1918 464 1985 loca
479 1932 510 1998 ὅ,
529 1941 668 1985 numero
688 1929 874 1996 crescente,
897 1918 1053 1985 secessit.

242 2029 273 2092 2.
298 2024 519 2094 Veniebantl
539 2025 628 2091 enim
648 2024 688 2091 de
709 2024 920 2111 civitatibus,
949 2025 1074 2092 castris
1094 2025 1147 2093 eti
1170 2025 1262 2092 villis

197 2132 348 2199 Paduam
381 2130 683 2199 circumstantibus
709 2131 887 2221 utriusque
917 2155 1020 2198 sexus
1044 2131 1145 2200 turba
1166 2155 1262 2222 paene

196 2238 469 2322 innumerabilis,
498 2261 616 2304 omnes
642 2237 784 2304 verbum
813 2238 892 2313 vitae
922 2261 1053 2305 summa
1083 2238 1262 2306 devotione

198 2344 354 2412 sitientes
375 2354 409 2411 et
427 2344 571 2412 salutem
595 2367 692 2410 suam
713 2344 748 2410 in
771 2344 925 2410 doctrina
951 2345 1060 2434 ipsius
1081 2368 1142 2435 spe
1166 2344 1263 2412 firma

197 2452 456 2520 constituentes.
475 2455 508 2520 3.
527 2451 640 2518 Medio
661 2474 805 2541 namque
826 2451 935 2518 noctis
951 2461 1101 2541 tempore
1117 2475 1263 2543 surgen·

196 2569 262 2638 tes,
296 2569 412 2625 mutuo
441 2582 477 2625 se
512 2557 701 2648 praevenire
739 2557 991 2625 contendebant
1023 2568 1067 2640 ct,
1108 2558 1263 2625 accensis

196 2665 433 2743 luminaribus,
456 2664 499 2731 ad
519 2664 628 2732 locum
648 2664 706 2731 ubi
726 2663 975 2754 predicaturus
1001 2675 1075 2732 erat
1096 2664 1263 2732 ardentis·

197 2772 281 2839 sime
314 2773 556 2862 properabant.
591 2775 624 2838 4.
663 2771 791 2841 Milites
821 2771 880 2837 acj
921 2782 1098 2838 matronas
1132 2771 1263 2838 nobiles

196 2879 316 2946 mediis
338 2878 489 2946 tenebris
512 2902 669 2945 cerneres
693 2877 940 2945 accurrentesl
959 2878 1011 2946 etl
1035 2877 1093 2968 qui
1113 2878 1263 2946 resoluta

196 2995 332 3076 torpore
352 2985 502 3052 membra
520 2985 717 3052 stramentis
738 2984 949 3052 mollioribus
967 2986 1235 3053 foventesmnon
1248 2997 1264 3028 ²¹

197 3117 338 3182 parvam
354 3092 421 3159 diei
437 3103 568 3182 partem
584 3116 782 3158 consumere
797 3105 811 3133 ⁰
827 3102 1117 3172 censueramus,
1133 3092 1263 3183 absque

196 3199 277 3277 ullo,
307 3209 345 3265 ut
364 3199 488 3277 lerunt,
518 3198 718 3290 gravamine
745 3197 965 3288 praedicantis
989 3198 1110 3266 laciem
1137 3198 1263 3289 vigiles

197 3305 494 3395 praeoccupabant.
517 3310 548 3373 5.
568 3305 722 3372 Aderant
738 3329 853 3384 senes,
872 3306 1055 3373 currebant
1074 3307 1219 3395 juvenes
1233 3318 1260 3392 t,

197 3412 262 3478 viri
286 3412 387 3479 simul
409 3422 442 3479 et
457 3412 628 3491 mulieres,
652 3422 737 3479 aetas
758 3412 868 3479 omnis
889 3425 991 3503 atque
1011 3411 1173 3481 conditio.
1195 3412 1263 3498 Qui

223 3666 244 3696 a.
262 3652 328 3696 Paris
341 3653 376 3697 De
390 3653 488 3708 [eruore
503 3653 662 3697 audientium
676 3652 883 3709 praedicationem
899 3653 987 3710 ipsius
998 3676 1025 3686 -
1040 3653 1061 3698 b.
1078 3654 1130 3697 Alc.
1146 3653 1185 3698 286
1200 3654 1263 3698 ntul-

196 3724 321 3768 titudtots.
332 3746 359 3757 -
367 3736 388 3768 c.
400 3724 457 3769 Luc.
468 3736 551 3768 arena.
563 3747 588 3756 -
596 3725 621 3768 d.
631 3723 688 3767 Luc.
697 3736 743 3780 per
753 3728 857 3769 cunctas
870 3725 997 3769 ecclesias.
1008 3748 1034 3757 -
1045 3737 1064 3768 c.
1076 3726 1128 3768 Alc.
1139 3725 1184 3778 293,
1196 3724 1263 3778 Luc,

198 3795 253 3840 Pnd.
264 3796 320 3852 fieri
334 3795 472 3841 constituit.
482 3819 509 3827 -
519 3796 536 3851 s.
549 3795 616 3839 Puris
630 3796 797 3839 audientium.
813 3819 839 3828 —
848 3809 871 3851 9.
889 3795 945 3840 Luc.
963 3795 1019 3840 loct.
1031 3819 1057 3828 -
1073 3798 1096 3841 n.
1110 3796 1177 3848 Luc,
1195 3797 1259 3847 Part..

198 3867 263 3911 Puris
274 3868 394 3912 ueniebat.
406 3890 431 3899 -
442 3867 458 3911 ι’,
468 3867 535 3910 Paris
544 3879 588 3910 om.
603 3870 633 3910 ct.
646 3890 672 3899 -
678 3868 699 3921 j.
712 3867 769 3911 Luc.
781 3872 873 3912 autern.
882 3890 908 3899 -
924 3867 946 3911 h.
959 3868 1014 3912 Luc.
1029 3871 1159 3911 cernentes
1172 3879 1264 3912 accur·

197 3951 258 3983 rere.
269 3963 295 3971 -
306 3940 321 3983 t.
337 3939 404 3983 Puris
417 3952 462 3983 orn.
472 3942 503 3982 et.
518 3962 544 3971 -
560 3951 593 3983 m.
601 3940 653 3982 Alc.
664 3940 703 3984 286
711 3949 733 3982 et
741 3941 792 3983 Alc.
803 3941 843 3984 ς293
854 3945 876 3982 et
888 3940 931 3993 qiu
944 3940 1052 3983 resoluta
1063 3952 1167 3995 corpore
1182 3952 1264 3984 uncin-

197 4010 241 4054 ltra
261 4012 409 4055 stramentis
427 4010 583 4055 rnoltr‘ortbus
608 4011 726 4065 foventes,
752 4010 811 4054 Luc.
835 4014 857 4053 et
881 4011 925 4065 qui
947 4015 1005 4054 ante
1025 4012 1135 4055 resoluta
1150 4013 1264 4067 corporis

198 4084 309 4127 tnembra
325 4082 471 4126 strarnentta
487 4082 578 4136 [overe.
599 4082 665 4126 Paris
679 4083 723 4136 qut
739 4082 847 4126 resoluto
864 4093 969 4139 corpore
986 4083 1098 4126 rncmbra
1116 4085 1264 4128 strumentis

197 4153 354 4197 mollioribus
364 4155 483 4208 [ouantes.
494 4177 520 4185 ·-
531 4167 555 4197 n,
569 4152 626 4196 Luc.
636 4166 686 4197 non
695 4165 748 4209 per.
760 4176 786 4185 -
800 4168 822 4197 0.
835 4153 893 4197 Luc.
902 4167 946 4198 om.
956 4166 1111 4198 consumere.
1121 4177 1147 4187 -
1160 4167 1185 4210 p.
1197 4155 1264 4198 Paris

198 4228 390 4269 consueverunt.
403 4247 428 4258 -
444 4236 466 4279 q.
478 4224 536 4269 Luc.
549 4236 621 4268 senec
631 4225 797 4269 accurrebant
807 4229 829 4269 et
837 4225 952 4279 juvenes.
