2934 4822
340 385 403 431 nes
428 383 582 431 souacrs
608 384 651 429 ne
676 361 874 430 n'msrorns
899 384 1123 431 maronianus
1199 367 1265 434 253

245 523 402 593 Referam
428 547 533 590 unum
561 523 650 590 inter
672 522 740 590 alia
764 521 854 613 quod
883 546 903 590 a
930 521 1088 591 fidelibus
1117 523 1264 591 testibus

200 630 340 723 agnovi.

243 741 369 826 Quum,
386 749 539 828 tempore
554 736 713 828 quodam,
731 737 836 804 frater
850 736 1023 805 lohannes
1038 737 1080 804 de
1094 737 1265 806 Florentia

199 857 292 914 esset
312 856 466 914 assueto
487 843 670 912 Francisco
692 843 847 911 minister
871 844 1014 911 fratrum
1035 844 1070 911 in
1085 845 1266 913 Provincia

199 951 407 1020 constitutus
436 962 470 1019 et
497 950 682 1040 capitulum
710 950 853 1018 fratrum
874 950 908 1017 in
938 949 1056 1018 eadem
1086 951 1266 1019 Provincia

200 1060 422 1143 celebrasset,
443 1057 601 1124 dominus
619 1060 711 1124 Deus
732 1056 834 1125 solita
855 1057 980 1147 pietate
1000 1056 1126 1125 ostium
1142 1056 1173 1124 ei
1193 1081 1266 1125 ser-

200 1166 310 1234 monis
331 1165 464 1256 aperuit
484 1174 517 1232 et
536 1163 660 1231 fratres
680 1188 798 1232 omncs
823 1163 866 1231 ad
886 1163 1091 1231 audiendum
1117 1162 1266 1234 reddidit

200 1272 384 1350 benevelos
417 1282 452 1339 et
479 1281 642 1341 attentos.
676 1272 762 1338 Erat
796 1271 885 1338 inter
915 1294 975 1338 eos
1004 1272 1110 1337 frater
1144 1271 1264 1340 unicus

200 1378 376 1464 sacerdos,
415 1378 504 1445 fama
538 1379 665 1456 clarus,
700 1377 761 1445 sed
800 1377 922 1445 clarior
955 1377 1046 1456 vita,
1082 1377 1264 1446 Monaldus

202 1485 347 1564 nomine,
375 1484 472 1574 cujus
502 1483 624 1562 virtus,
655 1484 690 1550 in
718 1482 908 1551 humilitate
937 1483 1090 1565 fundata,
1111 1484 1264 1552 oratione

199 1590 366 1682 frequenti
382 1591 512 1681 adjuta,
535 1602 632 1659 scuto
652 1589 1062 1682 patientiae-servabatur.

245 1702 413 1766 Intererat
443 1699 546 1766 etiam
574 1698 621 1765 illi
646 1696 795 1789 capitulo
824 1697 929 1764 frater
955 1696 1139 1786 Antonius,
1169 1699 1265 1789 cujus

199 1805 332 1896 aperuit
362 1805 527 1873 Dominus
552 1828 692 1872 sensum
723 1813 761 1871 ut
785 1803 995 1895 intelligeret
1023 1810 1212 1897 scripturas
1233 1817 1266 1874 et

202 1936 304 2002 super
329 1911 394 1978 mel
414 1922 448 1979 et
467 1913 581 1979 favum
607 1911 649 1979 de
675 1916 757 1979 Jesu
780 1910 886 1978 verba
905 1909 1017 1978 dulcia
1041 1922 1213 1981 eructaret
1231 1913 1266 1980 in

202 2019 325 2109 populo
349 2019 523 2086 universo,
547 2019 613 2106 Qui
633 2041 736 2109 quum
763 2016 927 2085 fratribus
947 2018 1201 2087 ferventissime
1227 2042 1266 2087 ac

201 2126 423 2193 devotissime
459 2125 662 2216 praedicaret
699 2124 763 2192 boc
801 2149 904 2216 super
943 2125 1119 2194 verbum:
1162 2130 1265 2195 Iesus

200 2237 425 2314 bazacenus,
457 2255 522 2299 rer
548 2234 770 2311 Iudaeorum,
800 2231 912 2299 dictus
944 2232 1049 2300 frater
1082 2232 1265 2301 Monaldus

200 2339 352 2429 respexit
373 2337 416 2405 ad
442 2338 568 2407 ostium
592 2337 713 2406 domus
732 2338 768 2404 in
787 2362 854 2429 qua
874 2350 972 2407 erant
992 2339 1117 2407 fratres
1136 2340 1266 2431 pariter

200 2445 403 2536 congregati
422 2456 456 2512 et
474 2445 561 2512 vidit
579 2445 627 2512 ibi
645 2445 753 2513 oculis
768 2446 941 2536 corporeis
956 2446 1093 2514 beatum
1110 2446 1264 2515 Francis·

199 2576 274 2619 cum
291 2553 324 2619 in
344 2575 423 2619 uere
448 2551 677 2637 sublevatum,
698 2552 850 2620 extensis
869 2553 1017 2621 velutin
1037 2576 1135 2621 cruce
1155 2554 1264 2621 mani·

200 2660 277 2744 bue,
298 2657 553 2726 benedicentem
578 2658 715 2726 fratres.
743 2659 875 2750 Repleti
901 2683 1035 2751 quoque
1058 2660 1265 2729 videbantur

198 2789 316 2831 omnes
352 2765 585 2832 consolatione
621 2765 770 2856 Spiritus
809 2766 919 2834 sancti
955 2777 990 2834 et
1026 2767 1068 2834 dc
1101 2777 1264 2857 concepto

197 2872 320 2939 salutis
342 2871 468 2961 gaudio
494 2871 580 2938 satis
608 2871 769 2939 credibile
793 2872 858 2940 fuit
884 2873 934 2940 eis
959 2873 1049 2963 quod
1069 2872 1111 2941 de
1129 2873 1264 2942 visione

197 2978 287 3045 etde
308 2978 492 3069 praesentia
512 2978 621 3068 patris
637 2978 880 3068 gloriosissimi
896 2979 1078 3048 audierunt
1090 2982 1113 3048 ¹.

230 3212 309 3261 saint
321 3211 523 3270 bonaventure,
535 3223 570 3260 au
586 3210 711 3275 chapttre
721 3209 759 3259 lV
769 3209 803 3260 de
816 3222 848 3259 se
861 3209 974 3275 legende
984 3210 1018 3261 dc
1029 3210 1106 3262 saint
1119 3210 1263 3276 Fratrem,

199 3293 293 3356 repete
309 3290 493 3355 sirnplement,
506 3303 540 3340 en
556 3289 677 3341 d’autres
693 3293 802 3350 termes,
816 3303 847 3340 ce
861 3291 928 3341 rectt
938 3292 958 3341 ².

429 3513 469 3565 11·
486 3514 521 3565 et
538 3513 579 3564 1³·
595 3512 766 3565 Eccleston
782 3512 817 3563 et
835 3510 1029 3569 salimbene.

230 3701 383 3761 Eccleston,
398 3700 468 3750 dans
483 3715 533 3750 son
549 3700 631 3751 tiber
647 3701 679 3751 tte
702 3701 823 3752 aduentu
838 3699 975 3752 limorum
991 3701 1019 3752 r'n
1042 3701 1182 3767 Angliom,
1196 3704 1263 3753 ecrtt

226 3889 242 3930 t.
258 3888 305 3932 Tu.
320 3899 351 3933 ue
370 3889 483 3935 cerave.
506 3889 561 3932 t'r'ra
583 3890 676 3944 atr-trau,
691 3900 747 3943 part.
762 3889 782 3940 Ι,
804 3902 854 3944 cap.
876 3888 972 3941 XVIII,
994 3902 1030 3946 ap.
1050 3891 1115 3935 Acta
1136 3892 1192 3943 SS„
1205 3894 1220 3935 t.
1237 3890 1261 3935 11

197 3961 303 4009 orrobris,
315 3973 336 4013 μ,
348 3961 449 4002 uer-tm
460 3983 485 3991 -
503 3960 566 4003 ttans
581 3973 621 4002 son
642 3962 725 4003 recueil
740 3973 768 4002 ou
781 3959 847 4004 tmitc
860 3961 900 4003 des
911 3962 1018 4004 miracles
1033 3963 1061 4005 ‹te
1073 3963 1133 4006 seint
1143 3963 1261 4018 ancots,

198 4043 247 4084 cap.
261 4030 293 4075 11.
311 4044 335 4072 n·
354 4033 387 4072 321.
402 4029 468 4078 «blito,
484 4044 511 4072 en
528 4033 585 4083 rain,
600 4044 640 4085 par
652 4033 686 4073 tes
701 4031 823 4075 Analecta
842 4032 1004 4077 bollandiana
1017 4036 1043 4086 (t.
1064 4033 1161 4088 xv111,
1179 4047 1201 4089 p.
1216 4033 1262 4078 aa·

201 4102 258 4154 fit),
271 4102 372 4144 'I'lromas
384 4104 411 4144 ‹lr-
431 4103 518 4146 Celano
531 4105 577 4152 tait,
599 4115 626 4144 err
640 4103 698 4145 deux
718 4115 746 4145 ou
759 4103 816 4145 troia
839 4104 922 4158 lignus,
942 4105 970 4147 de
987 4117 1088 4148 rreum-uu
1105 4107 1203 4149 allusion
1215 4106 1263 4149 rice

198 4173 258 4216 tran.

224 4245 247 4289 2.
259 4242 459 4291 Bnaavrrvrtrm.
471 4245 537 4299 teo..
548 4257 596 4299 cap.
610 4244 653 4298 lt',
664 4257 701 4300 ap.
711 4246 775 4290 Acta
788 4244 841 4295 SS„
853 4247 870 4290 t.
884 4245 908 4290 11
927 4248 1031 4298 octobris,
1048 4260 1069 4303 p.
1081 4247 1128 4303 752,
1139 4259 1164 4292 n·
1173 4249 1206 4295 53.
