2934 4822
423 390 612 435 nnnrrrons
638 389 682 434 nu
708 389 767 435 us,
791 389 832 434 ns
859 387 996 433 rnoous
1202 365 1263 433 137

245 533 299 598 24.
329 533 449 597 Frater
469 528 606 618 quidam
626 528 668 595 de
687 527 806 596 ordine
821 527 1006 605 Minorem,
1028 525 1163 593 nomine
1182 527 1265 592 Ber·

200 637 377 721 nardinuS,
395 636 559 703 oriundus
580 635 621 702 de
642 638 776 714 Parme,
799 634 942 701 duorum
965 632 1132 700 mensium
1152 631 1264 722 spatio

200 754 313 811 mutus
339 743 519 811 exstiterat
545 753 578 809 et
607 742 776 832 impotens
803 741 845 808 ad
870 740 1087 831 loquendum.
1111 743 1165 807 25.
1184 738 1265 805 Lin-

200 875 302 941 guam
323 851 411 918 enim
432 851 506 940 ejus
526 860 560 917 et
580 860 704 917 caetera
724 849 799 916 voci
819 849 894 939 ejus
915 846 1110 915 necessaria
1134 846 1265 912 instru-

199 968 313 1025 menta
333 968 430 1024 erant
450 958 557 1047 ligata
584 967 617 1025 et
643 956 804 1046 impedita
829 955 914 1022 adeo
935 954 1153 1021 vehementer
1174 951 1264 1042 quod

201 1088 261 1131 nee
281 1064 416 1131 omnino
445 1065 538 1161 loqui
564 1073 711 1153 poterat,
741 1086 848 1154 neque
869 1086 1003 1152 spuere,
1031 1084 1140 1151 neque
1166 1060 1261 1125 flare.

201 1175 286 1238 Nam
318 1171 420 1238 etiam
451 1170 627 1238 candelam
658 1170 836 1260 parvulam
867 1168 917 1235 ori
948 1167 1142 1258 appositam
1171 1165 1263 1232 nullo

201 1277 299 1344 modo
322 1278 461 1345 valebat
481 1277 712 1367 exstinguere.
742 1279 796 1344 26.
822 1275 899 1342 Fuit
918 1285 1034 1342 autern
1066 1272 1157 1341 eirca
1181 1271 1264 1340 dicti

198 1384 316 1452 fratris
336 1408 453 1451 curam
472 1384 664 1452 laboratum
685 1382 883 1468 diligentius
908 1406 968 1472 per
990 1380 1171 1470 peritiores
1194 1404 1265 1448 me·

199 1491 293 1558 dicos
321 1490 551 1570 Lombardiae3
581 1490 684 1566 unde,
717 1489 807 1580 quod
841 1500 894 1556 est
928 1487 1046 1555 auditu
1084 1487 1261 1555 terribile!

198 1598 317 1665 novies
337 1621 412 1664 eum
439 1597 528 1663 ferro
552 1597 718 1664 candente
743 1597 853 1664 luerat
879 1605 1039 1662 excoctus
1065 1594 1100 1661 in
1125 1604 1264 1685 gutture

197 1715 242 1789 et,
269 1704 400 1790 ultimo,
425 1703 530 1771 semel
562 1704 596 1770 in
625 1703 747 1793 capite,
772 1712 805 1770 et
829 1702 952 1778 adbuc,
977 1701 1164 1768 curationis
1193 1725 1264 1768 sum

197 1822 362 1900 tempore,
380 1811 540 1901 portabat
556 1810 590 1877 in
611 1820 748 1877 coctura
766 1809 888 1900 capitis
905 1809 1102 1900 ligaturam.

242 1922 295 1986 27.
320 1919 430 1996 Unde,
448 1942 551 2008 quum
567 1918 602 1984 in
619 1941 721 1984 manu
740 1917 947 1985 medicorum
966 1916 1148 1983 infirmitas
1170 1925 1271 1982 cres-'

198 2035 290 2092 eeret
310 2035 343 2091 et
358 2025 471 2115 magis
491 2049 529 2091 ae
550 2025 662 2115 magis
683 2024 832 2115 quotidie
853 2033 1070 2113 gravaretur,
1092 2033 1125 2090 et
1144 2032 1264 2112 guttur

199 2131 355 2199 exiliatis
371 2131 593 2220 passionibus
610 2143 644 2199 et
659 2131 806 2199 eoeturis
822 2128 1037 2219 indignatum
1053 2129 1154 2196 nimis
1170 2138 1264 2195 esset

198 2238 343 2306 interius
364 2250 398 2306 et
417 2239 584 2310 inllatum.
613 2239 662 2305 ita
690 2238 778 2328 quod
808 2237 914 2304 frater
942 2246 1016 2304 erat
1043 2237 1077 2303 in
1104 2236 1263 2303 continuo

198 2346 347 2435 periculo
368 2346 569 2424 sullocandi,
593 2345 792 2412 reeordatus
812 2354 866 2411 est
891 2344 1029 2411 tandem
1058 2343 1164 2410 irater
1183 2342 1263 2410 almi

199 2452 330 2520 Christi
346 2453 554 2520 confessoris
578 2451 731 2529 Antonii,
758 2453 854 2540 eujus
875 2451 1075 2518 solemnitas
1096 2461 1176 2517 tuuc
1191 2449 1263 2515 ins-

198 2560 304 2626 tabat.
335 2563 389 2628 28.
413 2559 563 2628 Veniens
590 2559 696 2649 igitur
717 2558 868 2625 Paduam
899 2568 932 2625 et
960 2557 1003 2624 ad
1031 2580 1146 2624 aream
1171 2556 1263 2624 beati

197 2665 336 2732 Antonii
353 2665 510 2733 devotius
526 2667 579 2733 bis
596 2665 774 2745 accedens,
788 2665 933 2755 primum
944 2665 1079 2755 quidem
1095 2666 1211 2731 ilatum
1229 2673 1263 2730 et

199 2782 335 2862 sputum
352 2773 453 2863 eoepit
473 2773 627 2840 emittere
648 2772 758 2840 adhuc
779 2783 905 2839 mutus.
928 2774 981 2840 29.
1002 2771 1079 2851 Sed,
1103 2794 1207 2862 quum
1223 2794 1264 2836 ex

197 2880 367 2969 perceptis
394 2880 533 2947 virtutis
561 2879 670 2947 sancti
691 2879 850 2969 primitiis
875 2878 1030 2946 devotior
1053 2887 1086 2945 et
1105 2876 1264 2944 fidentior

197 3030 412 3042 —-

199 3104 272 3153 lours
288 3102 453 3153 similitudes
474 3107 501 3154 et
517 3103 550 3153 do
566 3104 640 3153 leurs
661 3102 848 3165 divergences,
864 3103 881 3152 ii
902 3105 1006 3152 ressort
1027 3102 1187 3151 eiairement
1209 3115 1263 3166 que

198 3185 266 3234 teau
285 3184 402 3244 itiganid
427 3188 455 3233 et
476 3184 500 3233 le
525 3185 575 3233 lis.
601 3183 668 3233 Pad.
692 3188 720 3232 rt
735 3188 783 3233 ont
799 3185 877 3247 prise
897 3185 981 3233 aune
997 3196 1094 3232 source
1109 3197 1262 3241 commune,

199 3264 280 3327 rpr'iis
303 3267 351 3313 ont
374 3278 407 3313 en
429 3265 517 3327 partie
541 3265 636 3326 eopiee
650 3264 854 3322 litteratemcnt,
870 3277 903 3312 en
920 3264 1009 3328 partie
1024 3265 1114 3313 tantrtt
1129 3265 1262 3320 resource,

199 3345 288 3393 laniet
305 3345 503 3408 paraphrasim.
527 3344 607 3393 Cotto
629 3359 735 3400 source,
757 3359 791 3393 au
814 3346 895 3403 reste,
919 3345 1264 3407 nousestexpressement

199 3424 327 3488 indiquee
341 3438 391 3488 par
405 3424 474 3473 Jean
489 3424 606 3483 itigauld
624 3439 628 3472 :
646 3425 712 3473 e'est
726 3424 749 3473 ie
767 3424 869 3474 recueil
886 3424 920 3474 de
936 3423 1126 3488 attractosque
1142 3421 1262 3484 rediges,

198 3519 231 3554 en
248 3509 317 3561 1293,
334 3506 377 3553 Fr.
392 3505 484 3554 i’ierre
496 3503 637 3565 ltaymond
647 3503 681 3554 de
694 3505 911 3559 saint-ltomain.
924 3504 997 3554 alors
1009 3504 1111 3553 lecteur
1125 3504 1140 3552 a
1152 3501 1263 3552 i’adoue

197 3587 224 3634 ot
242 3585 304 3647 pias
329 3584 389 3633 tard
412 3585 563 3647 provincial
580 3582 757 3648 d'itquitaine
773 3584 855 3647 (less
873 3585 1009 3639 ltrosueu.
1024 3599 1084 3647 cap.
1109 3583 1141 3637 Χ.
1164 3581 1205 3632 ed.
1227 3581 1262 3631 du

199 3665 228 3713 l‘.
246 3664 410 3717 Ferdiuand,
428 3677 453 3727 p.
471 3667 535 3726 130).
551 3667 572 3712 Α
589 3678 619 3712 ee
635 3664 750 3727 prodige
764 3664 869 3714 semble
890 3665 957 3714 taire
979 3664 1108 3723 allusion,
1130 3663 1199 3712 daus
1213 3676 1263 3712 son

197 3743 364 3803 l’omnriam,
391 3743 556 3793 lticobaldus
581 3743 614 3793 de
638 3744 762 3802 Ferrum,
786 3745 833 3808 qui
858 3745 1003 3808 s'exprirne
1025 3744 1095 3793 ainsi
1111 3756 1117 3791 :
1133 3771 1163 3779 -
1186 3743 1264 3793 rinno

199 3825 304 3874 (Itristi
317 3823 508 3879 ititl'udurs,
526 3824 640 3872 orimum
658 3825 777 3888 resperis
792 3824 987 3884 solemnitatis,
1000 3824 1110 3889 quondo
1124 3824 1166 3872 rir
1180 3827 1263 3872 natus

198 3909 299 3963 martas,
323 3907 351 3951 ut
372 3903 492 3952 omnium
514 3904 615 3952 rivium
640 3909 700 3953 erat
724 3905 853 3965 assertio,
874 3904 937 3954 dam
955 3909 1062 3955 orasset
1078 3904 1198 3968 resperis
1212 3903 1263 3952 sub

199 3983 275 4032 iliius
296 3984 431 4047 sepulcro,
447 3984 582 4046 toqrreiarn
606 3988 632 4032 rt
646 3984 772 4033 rrrrdiiam
794 3985 913 4048 recepit:
937 3998 1014 4046 (parem
1036 3982 1095 4034 ridi
1118 3987 1143 4032 rt
1167 3983 1264 4032 audiri

199 4066 359 4127 loquentem.
376 4063 429 4111 snt
444 4063 582 4112 rrrsrr'rbat
596 4063 677 4127 ioqui,
694 4064 750 4113 nisi
765 4064 836 4128 quod
853 4064 933 4113 rerba
949 4078 1006 4128 qur
1021 4064 1149 4113 arrdr'erat
1161 4063 1262 4113 recito-

199 4143 426 4200 terruncium.
448 4144 586 4202 istruna,
605 4157 650 4207 ap.
674 4144 833 4204 tirtusroru,
849 4143 948 4195 lterum
971 4144 1030 4194 itai.
1050 4145 1156 4209 script,
1176 4146 1194 4193 t.
1215 4143 1262 4204 ix,

199 4238 225 4288 p.
241 4226 305 4282 127).
