<?xml version="1.0" encoding="UTF-8"?>
<!DOCTYPE html PUBLIC "-//W3C//DTD XHTML 1.0 Transitional//EN"
    "http://www.w3.org/TR/xhtml1/DTD/xhtml1-transitional.dtd">
<html xmlns="http://www.w3.org/1999/xhtml" xml:lang="en" lang="en">
 <head>
  <title>
</title>
<meta http-equiv="Content-Type" content="text/html;charset=utf-8" />
  <meta name='ocr-system' content='tesseract 3.04.00' />
  <meta name='ocr-capabilities' content='ocr_page ocr_carea ocr_par ocr_line ocrx_word'/>
</head>
<body>
  <div class='ocr_page' id='page_1' title='image "./sanctiantoniide00kervgoog_0140.png"; bbox 0 0 2934 4822; ppageno 0'>
   <div class='ocr_carea' id='block_1_1' title="bbox 404 387 1229 455">
    <p class='ocr_par' dir='ltr' id='par_1_1' title="bbox 404 387 1229 455">
     <span class='ocr_line' id='line_1_1' title="bbox 404 387 1229 455; baseline 0 -2"><span class='ocrx_word' id='word_1_1' title='bbox 404 408 594 455; x_wconf 74' lang='lat' dir='ltr'>nnnirrous</span> <span class='ocrx_word' id='word_1_2' title='bbox 615 409 660 454; x_wconf 87' lang='lat' dir='ltr'>nn</span> <span class='ocrx_word' id='word_1_3' title='bbox 683 409 742 454; x_wconf 87' lang='lat' dir='ltr'>us.</span> <span class='ocrx_word' id='word_1_4' title='bbox 766 410 808 455; x_wconf 81' lang='lat' dir='ltr'>nn</span> <span class='ocrx_word' id='word_1_5' title='bbox 830 407 989 455; x_wconf 79' lang='lat' dir='ltr'>nuenmur</span> <span class='ocrx_word' id='word_1_6' title='bbox 1167 387 1229 454; x_wconf 91' lang='grc'>117</span> 
     </span>
    </p>
   </div>
   <div class='ocr_carea' id='block_1_2' title="bbox 162 545 1232 3951">
    <p class='ocr_par' dir='ltr' id='par_1_2' title="bbox 162 545 1232 1363">
     <span class='ocr_line' id='line_1_2' title="bbox 164 545 1231 637; baseline -0.003 -23"><span class='ocrx_word' id='word_1_7' title='bbox 164 557 218 614; x_wconf 90' lang='lat' dir='ltr'>cst</span> <span class='ocrx_word' id='word_1_8' title='bbox 245 546 335 637; x_wconf 93' lang='lat' dir='ltr'>quod</span> <span class='ocrx_word' id='word_1_9' title='bbox 361 545 479 613; x_wconf 91' lang='lat' dir='ltr'>codem</span> <span class='ocrx_word' id='word_1_10' title='bbox 508 546 563 614; x_wconf 90' lang='lat' dir='ltr'>die</span> <span class='ocrx_word' id='word_1_11' title='bbox 591 547 655 614; x_wconf 90' lang='lat' dir='ltr'>fuit</span> <span class='ocrx_word' id='word_1_12' title='bbox 683 559 824 615; x_wconf 89' lang='lat' dir='ltr'>sanctus</span> <span class='ocrx_word' id='word_1_13' title='bbox 849 546 1021 613; x_wconf 84' lang='lat' dir='ltr'>Antonius</span> <span class='ocrx_word' id='word_1_14' title='bbox 1051 545 1231 614; x_wconf 87' lang='lat' dir='ltr'>canoniza-</span> 
     </span>
     <span class='ocr_line' id='line_1_3' title="bbox 164 652 1231 745; baseline -0.002 -24"><span class='ocrx_word' id='word_1_15' title='bbox 164 654 267 722; x_wconf 81' lang='lat' dir='ltr'>tionis</span> <span class='ocrx_word' id='word_1_16' title='bbox 289 654 400 743; x_wconf 80' lang='lat' dir='ltr'>gloria</span> <span class='ocrx_word' id='word_1_17' title='bbox 420 653 625 721; x_wconf 90' lang='lat' dir='ltr'>sublimatus</span> <span class='ocrx_word' id='word_1_18' title='bbox 645 677 724 745; x_wconf 93' lang='lat' dir='ltr'>quo,</span> <span class='ocrx_word' id='word_1_19' title='bbox 737 664 775 721; x_wconf 89' lang='lat' dir='ltr'>ut</span> <span class='ocrx_word' id='word_1_20' title='bbox 789 654 916 721; x_wconf 88' lang='lat' dir='ltr'>dictum</span> <span class='ocrx_word' id='word_1_21' title='bbox 932 664 997 733; x_wconf 88' lang='lat' dir='ltr'>est,</span> <span class='ocrx_word' id='word_1_22' title='bbox 1015 652 1231 721; x_wconf 72' lang='lat' dir='ltr'>solemnitate</span> 
     </span>
     <span class='ocr_line' id='line_1_4' title="bbox 162 760 1231 829; baseline -0.001 -2"><span class='ocrx_word' id='word_1_23' title='bbox 162 761 328 827; x_wconf 84' lang='lat' dir='ltr'>indicibili</span> <span class='ocrx_word' id='word_1_24' title='bbox 360 760 595 828; x_wconf 80' lang='lat' dir='ltr'>exsultaverat</span> <span class='ocrx_word' id='word_1_25' title='bbox 622 761 745 829; x_wconf 89' lang='lat' dir='ltr'>civitas</span> <span class='ocrx_word' id='word_1_26' title='bbox 774 761 950 828; x_wconf 90' lang='lat' dir='ltr'>universa.</span> <span class='ocrx_word' id='word_1_27' title='bbox 979 763 1012 828; x_wconf 84' lang='lat'>4.</span> <span class='ocrx_word' id='word_1_28' title='bbox 1039 763 1231 828; x_wconf 87' lang='lat' dir='ltr'>Tantorum</span> 
     </span>
     <span class='ocr_line' id='line_1_5' title="bbox 163 867 1232 959; baseline -0.001 -24"><span class='ocrx_word' id='word_1_29' title='bbox 163 892 248 957; x_wconf 87' lang='lat' dir='ltr'>ergo</span> <span class='ocrx_word' id='word_1_30' title='bbox 269 867 509 934; x_wconf 80' lang='lat' dir='ltr'>miraculorum</span> <span class='ocrx_word' id='word_1_31' title='bbox 531 867 698 935; x_wconf 86' lang='lat' dir='ltr'>irradiata</span> <span class='ocrx_word' id='word_1_32' title='bbox 716 868 923 959; x_wconf 80' lang='lat' dir='ltr'>fulgoribus,</span> <span class='ocrx_word' id='word_1_33' title='bbox 939 867 1023 934; x_wconf 91' lang='lat' dir='ltr'>urbs</span> <span class='ocrx_word' id='word_1_34' title='bbox 1043 876 1232 934; x_wconf 88' lang='lat' dir='ltr'>memorata</span> 
     </span>
     <span class='ocr_line' id='line_1_6' title="bbox 164 972 1230 1064; baseline -0.002 -22"><span class='ocrx_word' id='word_1_35' title='bbox 164 974 317 1042; x_wconf 67' lang='lat' dir='ltr'>ecclesiae</span> <span class='ocrx_word' id='word_1_36' title='bbox 343 973 551 1040; x_wconf 86' lang='lat' dir='ltr'>cathedralis</span> <span class='ocrx_word' id='word_1_37' title='bbox 581 974 689 1041; x_wconf 85' lang='lat' dir='ltr'>altare</span> <span class='ocrx_word' id='word_1_38' title='bbox 713 975 823 1064; x_wconf 91' lang='lat' dir='ltr'>majus</span> <span class='ocrx_word' id='word_1_39' title='bbox 853 974 887 1040; x_wconf 93' lang='lat' dir='ltr'>in</span> <span class='ocrx_word' id='word_1_40' title='bbox 921 973 1084 1041; x_wconf 86' lang='lat' dir='ltr'>honorem</span> <span class='ocrx_word' id='word_1_41' title='bbox 1118 972 1230 1041; x_wconf 89' lang='lat' dir='ltr'>saneti</span> 
     </span>
     <span class='ocr_line' id='line_1_7' title="bbox 165 1079 1230 1171; baseline 0 -23"><span class='ocrx_word' id='word_1_42' title='bbox 165 1080 306 1148; x_wconf 86' lang='lat' dir='ltr'>Antonii</span> <span class='ocrx_word' id='word_1_43' title='bbox 340 1080 538 1147; x_wconf 85' lang='lat' dir='ltr'>solemniter</span> <span class='ocrx_word' id='word_1_44' title='bbox 576 1080 765 1162; x_wconf 81' lang='lat' dir='ltr'>dedicavit3</span> <span class='ocrx_word' id='word_1_45' title='bbox 807 1081 905 1171; x_wconf 87' lang='lat' dir='ltr'>eujus</span> <span class='ocrx_word' id='word_1_46' title='bbox 943 1080 1081 1162; x_wconf 90' lang='lat' dir='ltr'>festum,</span> <span class='ocrx_word' id='word_1_47' title='bbox 1116 1079 1230 1170; x_wconf 84' lang='lat' dir='ltr'>signis</span> 
     </span>
     <span class='ocr_line' id='line_1_8' title="bbox 165 1187 1231 1278; baseline 0 -24"><span class='ocrx_word' id='word_1_48' title='bbox 165 1187 301 1278; x_wconf 92' lang='lat' dir='ltr'>quidem</span> <span class='ocrx_word' id='word_1_49' title='bbox 322 1187 558 1277; x_wconf 85' lang='lat' dir='ltr'>sequentibus,</span> <span class='ocrx_word' id='word_1_50' title='bbox 580 1187 756 1254; x_wconf 91' lang='lat' dir='ltr'>annuatim</span> <span class='ocrx_word' id='word_1_51' title='bbox 776 1187 900 1255; x_wconf 87' lang='lat' dir='ltr'>ibidem</span> <span class='ocrx_word' id='word_1_52' title='bbox 926 1187 1122 1256; x_wconf 85' lang='lat' dir='ltr'>solemniter</span> <span class='ocrx_word' id='word_1_53' title='bbox 1142 1187 1231 1255; x_wconf 90' lang='lat' dir='ltr'>eele-</span> 
     </span>
     <span class='ocr_line' id='line_1_9' title="bbox 163 1295 295 1363; baseline -0.015 0"><span class='ocrx_word' id='word_1_54' title='bbox 163 1295 295 1363; x_wconf 87' lang='lat' dir='ltr'>bratnr.</span> 
     </span>
    </p>

    <p class='ocr_par' dir='ltr' id='par_1_3' title="bbox 163 1400 1232 2772">
     <span class='ocr_line' id='line_1_10' title="bbox 208 1400 1229 1492; baseline -0.001 -23"><span class='ocrx_word' id='word_1_55' title='bbox 208 1405 240 1469; x_wconf 88' lang='lat'>5.</span> <span class='ocrx_word' id='word_1_56' title='bbox 269 1403 415 1469; x_wconf 85' lang='lat' dir='ltr'>Sanctus</span> <span class='ocrx_word' id='word_1_57' title='bbox 435 1400 606 1468; x_wconf 86' lang='lat' dir='ltr'>Antonius</span> <span class='ocrx_word' id='word_1_58' title='bbox 627 1401 805 1492; x_wconf 88' lang='lat' dir='ltr'>designari</span> <span class='ocrx_word' id='word_1_59' title='bbox 820 1410 934 1491; x_wconf 89' lang='lat' dir='ltr'>potest</span> <span class='ocrx_word' id='word_1_60' title='bbox 948 1425 1009 1491; x_wconf 91' lang='lat' dir='ltr'>per</span> <span class='ocrx_word' id='word_1_61' title='bbox 1023 1400 1118 1469; x_wconf 93' lang='lat' dir='ltr'>illum</span> <span class='ocrx_word' id='word_1_62' title='bbox 1130 1425 1229 1468; x_wconf 89' lang='lat' dir='ltr'>vene·</span> 
     </span>
     <span class='ocr_line' id='line_1_11' title="bbox 163 1506 1230 1598; baseline -0.001 -23"><span class='ocrx_word' id='word_1_63' title='bbox 163 1507 305 1575; x_wconf 89' lang='lat' dir='ltr'>rabilem</span> <span class='ocrx_word' id='word_1_64' title='bbox 326 1506 556 1597; x_wconf 86' lang='lat' dir='ltr'>patriarcham</span> <span class='ocrx_word' id='word_1_65' title='bbox 582 1507 688 1575; x_wconf 87' lang='lat' dir='ltr'>Jacob</span> <span class='ocrx_word' id='word_1_66' title='bbox 703 1507 744 1574; x_wconf 90' lang='lat' dir='ltr'>de</span> <span class='ocrx_word' id='word_1_67' title='bbox 765 1532 831 1598; x_wconf 92' lang='lat' dir='ltr'>quo</span> <span class='ocrx_word' id='word_1_68' title='bbox 852 1510 963 1586; x_wconf 88' lang='lat' dir='ltr'>Isaac,</span> <span class='ocrx_word' id='word_1_69' title='bbox 991 1507 1230 1576; x_wconf 87' lang='lat' dir='ltr'>beatissimum</span> 
     </span>
     <span class='ocr_line' id='line_1_12' title="bbox 163 1614 1226 1705; baseline 0 -24"><span class='ocrx_word' id='word_1_70' title='bbox 163 1614 418 1705; x_wconf 65' lang='lat' dir='ltr'>praefiguransss</span> <span class='ocrx_word' id='word_1_71' title='bbox 438 1624 570 1703; x_wconf 90' lang='lat' dir='ltr'>patrem</span> <span class='ocrx_word' id='word_1_72' title='bbox 592 1615 823 1696; x_wconf 70' lang='lat' dir='ltr'>franciscum,</span> <span class='ocrx_word' id='word_1_73' title='bbox 849 1615 1038 1683; x_wconf 83' lang='lat' dir='ltr'>luculenter</span> <span class='ocrx_word' id='word_1_74' title='bbox 1056 1614 1226 1683; x_wconf 90' lang='lat' dir='ltr'>intonuit:</span> 
     </span>
     <span class='ocr_line' id='line_1_13' title="bbox 165 1721 1229 1812; baseline 0 -24"><span class='ocrx_word' id='word_1_75' title='bbox 165 1726 254 1789; x_wconf 84' lang='lat' dir='ltr'>Ecce</span> <span class='ocrx_word' id='word_1_76' title='bbox 287 1722 377 1788; x_wconf 82' lang='lat' dir='ltr'>odor·</span> <span class='ocrx_word' id='word_1_77' title='bbox 407 1721 481 1809; x_wconf 73' lang='lat' dir='ltr'>sitit</span> <span class='ocrx_word' id='word_1_78' title='bbox 512 1722 591 1802; x_wconf 85' lang='lat' dir='ltr'>mei,</span> <span class='ocrx_word' id='word_1_79' title='bbox 622 1723 717 1789; x_wconf 80' lang='lat' dir='ltr'>sicut</span> <span class='ocrx_word' id='word_1_80' title='bbox 748 1723 839 1789; x_wconf 83' lang='lat' dir='ltr'>odor</span> <span class='ocrx_word' id='word_1_81' title='bbox 871 1723 956 1812; x_wconf 85' lang='lat' dir='ltr'>agri</span> <span class='ocrx_word' id='word_1_82' title='bbox 980 1723 1095 1812; x_wconf 86' lang='lat' dir='ltr'>pleni,</span> <span class='ocrx_word' id='word_1_83' title='bbox 1126 1745 1229 1810; x_wconf 86' lang='lat' dir='ltr'>quem</span> 
     </span>
     <span class='ocr_line' id='line_1_14' title="bbox 165 1827 1230 1918; baseline 0.003 -25"><span class='ocrx_word' id='word_1_84' title='bbox 165 1828 346 1895; x_wconf 76' lang='lat' dir='ltr'>benedixit</span> <span class='ocrx_word' id='word_1_85' title='bbox 378 1828 554 1894; x_wconf 77' lang='lat' dir='ltr'>Dominus</span> <span class='ocrx_word' id='word_1_86' title='bbox 568 1829 590 1910; x_wconf 80' lang='lat'>¹,</span> <span class='ocrx_word' id='word_1_87' title='bbox 622 1837 686 1895; x_wconf 90' lang='lat' dir='ltr'>etc.</span> <span class='ocrx_word' id='word_1_88' title='bbox 716 1832 749 1897; x_wconf 87' lang='grc'>6.</span> <span class='ocrx_word' id='word_1_89' title='bbox 780 1827 889 1909; x_wconf 81' lang='lat' dir='ltr'>Adeo,</span> <span class='ocrx_word' id='word_1_90' title='bbox 923 1828 1076 1918; x_wconf 90' lang='lat' dir='ltr'>inquam,</span> <span class='ocrx_word' id='word_1_91' title='bbox 1104 1828 1230 1896; x_wconf 84' lang='lat' dir='ltr'>divinae</span> 
     </span>
     <span class='ocr_line' id='line_1_15' title="bbox 163 1933 1230 2025; baseline 0.001 -23"><span class='ocrx_word' id='word_1_92' title='bbox 163 1933 412 2002; x_wconf 85' lang='lat' dir='ltr'>benedictionis</span> <span class='ocrx_word' id='word_1_93' title='bbox 437 1934 551 2023; x_wconf 88' lang='lat' dir='ltr'>gratia</span> <span class='ocrx_word' id='word_1_94' title='bbox 575 1934 783 2024; x_wconf 87' lang='lat' dir='ltr'>irrigaverat</span> <span class='ocrx_word' id='word_1_95' title='bbox 809 1958 931 2025; x_wconf 89' lang='lat' dir='ltr'>agrum</span> <span class='ocrx_word' id='word_1_96' title='bbox 958 1936 1047 2003; x_wconf 89' lang='lat' dir='ltr'>hunc</span> <span class='ocrx_word' id='word_1_97' title='bbox 1067 1945 1100 2003; x_wconf 92' lang='lat' dir='ltr'>et</span> <span class='ocrx_word' id='word_1_98' title='bbox 1119 1935 1230 2003; x_wconf 89' lang='lat' dir='ltr'>virtu·</span> 
     </span>
     <span class='ocr_line' id='line_1_16' title="bbox 165 2040 1232 2132; baseline 0.002 -24"><span class='ocrx_word' id='word_1_99' title='bbox 165 2042 257 2109; x_wconf 89' lang='lat' dir='ltr'>tibus</span> <span class='ocrx_word' id='word_1_100' title='bbox 277 2040 457 2108; x_wconf 82' lang='lat' dir='ltr'>odoriferis</span> <span class='ocrx_word' id='word_1_101' title='bbox 478 2040 688 2108; x_wconf 92' lang='lat' dir='ltr'>multimodis</span> <span class='ocrx_word' id='word_1_102' title='bbox 707 2041 952 2109; x_wconf 82' lang='lat' dir='ltr'>fecundaverat</span> <span class='ocrx_word' id='word_1_103' title='bbox 966 2042 1056 2132; x_wconf 92' lang='lat' dir='ltr'>quod</span> <span class='ocrx_word' id='word_1_104' title='bbox 1072 2042 1232 2111; x_wconf 84' lang='lat' dir='ltr'>effecerat</span> 
     </span>
     <span class='ocr_line' id='line_1_17' title="bbox 165 2147 1228 2239; baseline 0 -24"><span class='ocrx_word' id='word_1_105' title='bbox 165 2149 277 2238; x_wconf 89' lang='lat' dir='ltr'>ipsum</span> <span class='ocrx_word' id='word_1_106' title='bbox 310 2147 500 2214; x_wconf 85' lang='lat' dir='ltr'>humilitate</span> <span class='ocrx_word' id='word_1_107' title='bbox 532 2147 753 2238; x_wconf 84' lang='lat' dir='ltr'>praecipuum,</span> <span class='ocrx_word' id='word_1_108' title='bbox 785 2149 954 2239; x_wconf 88' lang='lat' dir='ltr'>sapientia</span> <span class='ocrx_word' id='word_1_109' title='bbox 987 2148 1228 2231; x_wconf 89' lang='lat' dir='ltr'>clarissimum,</span> 
     </span>
     <span class='ocr_line' id='line_1_18' title="bbox 165 2253 1229 2346; baseline 0.002 -24"><span class='ocrx_word' id='word_1_110' title='bbox 165 2253 357 2344; x_wconf 86' lang='lat' dir='ltr'>eloquentia</span> <span class='ocrx_word' id='word_1_111' title='bbox 377 2253 656 2333; x_wconf 91' lang='lat' dir='ltr'>disertissimum,</span> <span class='ocrx_word' id='word_1_112' title='bbox 672 2255 815 2322; x_wconf 86' lang='lat' dir='ltr'>caritate</span> <span class='ocrx_word' id='word_1_113' title='bbox 831 2255 1010 2343; x_wconf 90' lang='lat' dir='ltr'>fervidum,</span> <span class='ocrx_word' id='word_1_114' title='bbox 1027 2267 1229 2346; x_wconf 88' lang='lat' dir='ltr'>paupertate</span> 
     </span>
     <span class='ocr_line' id='line_1_19' title="bbox 165 2360 1228 2451; baseline 0.002 -23"><span class='ocrx_word' id='word_1_115' title='bbox 165 2361 397 2451; x_wconf 90' lang='lat' dir='ltr'>conspicuum,</span> <span class='ocrx_word' id='word_1_116' title='bbox 419 2360 578 2450; x_wconf 91' lang='lat' dir='ltr'>omnique</span> <span class='ocrx_word' id='word_1_117' title='bbox 593 2384 726 2428; x_wconf 93' lang='lat' dir='ltr'>morum</span> <span class='ocrx_word' id='word_1_118' title='bbox 747 2361 919 2451; x_wconf 87' lang='lat' dir='ltr'>elegantia</span> <span class='ocrx_word' id='word_1_119' title='bbox 942 2363 1228 2450; x_wconf 82' lang='lat' dir='ltr'>illustrissimum,</span> 
     </span>
     <span class='ocr_line' id='line_1_20' title="bbox 166 2467 1230 2559; baseline 0.003 -25"><span class='ocrx_word' id='word_1_120' title='bbox 166 2468 344 2535; x_wconf 88' lang='lat' dir='ltr'>honestate</span> <span class='ocrx_word' id='word_1_121' title='bbox 364 2468 577 2557; x_wconf 85' lang='lat' dir='ltr'>praecelsum,</span> <span class='ocrx_word' id='word_1_122' title='bbox 599 2467 634 2534; x_wconf 93' lang='lat' dir='ltr'>in</span> <span class='ocrx_word' id='word_1_123' title='bbox 653 2467 789 2535; x_wconf 84' lang='lat' dir='ltr'>affando</span> <span class='ocrx_word' id='word_1_124' title='bbox 809 2468 1009 2559; x_wconf 86' lang='lat' dir='ltr'>benignum,</span> <span class='ocrx_word' id='word_1_125' title='bbox 1031 2470 1067 2537; x_wconf 92' lang='lat' dir='ltr'>in</span> <span class='ocrx_word' id='word_1_126' title='bbox 1088 2494 1230 2538; x_wconf 87' lang='lat' dir='ltr'>conver-</span> 
     </span>
     <span class='ocr_line' id='line_1_21' title="bbox 165 2574 1229 2656; baseline 0.003 -14"><span class='ocrx_word' id='word_1_127' title='bbox 165 2575 272 2642; x_wconf 89' lang='lat' dir='ltr'>sande</span> <span class='ocrx_word' id='word_1_128' title='bbox 302 2574 617 2641; x_wconf 90' lang='lat' dir='ltr'>mansuetissimum</span> <span class='ocrx_word' id='word_1_129' title='bbox 646 2585 691 2655; x_wconf 91' lang='lat' dir='ltr'>et,</span> <span class='ocrx_word' id='word_1_130' title='bbox 720 2575 883 2656; x_wconf 88' lang='lat' dir='ltr'>breviter,</span> <span class='ocrx_word' id='word_1_131' title='bbox 909 2576 944 2643; x_wconf 94' lang='lat' dir='ltr'>in</span> <span class='ocrx_word' id='word_1_132' title='bbox 972 2576 1131 2644; x_wconf 91' lang='lat' dir='ltr'>omnibus</span> <span class='ocrx_word' id='word_1_133' title='bbox 1159 2588 1229 2646; x_wconf 85' lang='lat' dir='ltr'>tam</span> 
     </span>
     <span class='ocr_line' id='line_1_22' title="bbox 166 2681 920 2772; baseline -0.001 -22"><span class='ocrx_word' id='word_1_134' title='bbox 166 2687 237 2750; x_wconf 90' lang='lat' dir='ltr'>Deo</span> <span class='ocrx_word' id='word_1_135' title='bbox 257 2705 358 2772; x_wconf 89' lang='lat' dir='ltr'>quam</span> <span class='ocrx_word' id='word_1_136' title='bbox 378 2681 481 2748; x_wconf 89' lang='lat' dir='ltr'>etiam</span> <span class='ocrx_word' id='word_1_137' title='bbox 502 2681 695 2749; x_wconf 89' lang='lat' dir='ltr'>homiuibus</span> <span class='ocrx_word' id='word_1_138' title='bbox 716 2682 920 2772; x_wconf 85' lang='lat' dir='ltr'>gratiosum.</span> 
     </span>
    </p>

    <p class='ocr_par' dir='ltr' id='par_1_4' title="bbox 164 2788 1231 3838">
     <span class='ocr_line' id='line_1_23' title="bbox 209 2788 1230 2882; baseline 0.002 -25"><span class='ocrx_word' id='word_1_139' title='bbox 209 2792 240 2857; x_wconf 88' lang='lat'>7.</span> <span class='ocrx_word' id='word_1_140' title='bbox 269 2789 357 2856; x_wconf 86' lang='lat' dir='ltr'>Saue</span> <span class='ocrx_word' id='word_1_141' title='bbox 378 2788 497 2855; x_wconf 93' lang='lat' dir='ltr'>morali</span> <span class='ocrx_word' id='word_1_142' title='bbox 518 2788 680 2855; x_wconf 90' lang='lat' dir='ltr'>edocente</span> <span class='ocrx_word' id='word_1_143' title='bbox 699 2788 914 2879; x_wconf 89' lang='lat' dir='ltr'>philosopho,</span> <span class='ocrx_word' id='word_1_144' title='bbox 937 2813 1041 2882; x_wconf 93' lang='lat' dir='ltr'>quum</span> <span class='ocrx_word' id='word_1_145' title='bbox 1068 2791 1230 2859; x_wconf 88' lang='lat' dir='ltr'>discretio</span> 
     </span>
     <span class='ocr_line' id='line_1_24' title="bbox 165 2894 1230 2985; baseline 0.002 -22"><span class='ocrx_word' id='word_1_146' title='bbox 165 2897 211 2964; x_wconf 91' lang='lat' dir='ltr'>sit</span> <span class='ocrx_word' id='word_1_147' title='bbox 237 2905 345 2962; x_wconf 88' lang='lat' dir='ltr'>mater</span> <span class='ocrx_word' id='word_1_148' title='bbox 372 2906 406 2962; x_wconf 91' lang='lat' dir='ltr'>et</span> <span class='ocrx_word' id='word_1_149' title='bbox 431 2894 553 2985; x_wconf 87' lang='lat' dir='ltr'>auriga</span> <span class='ocrx_word' id='word_1_150' title='bbox 574 2895 723 2962; x_wconf 90' lang='lat' dir='ltr'>omnium</span> <span class='ocrx_word' id='word_1_151' title='bbox 748 2895 928 2974; x_wconf 87' lang='lat' dir='ltr'>virtutum,</span> <span class='ocrx_word' id='word_1_152' title='bbox 953 2907 1093 2965; x_wconf 88' lang='lat' dir='ltr'>sanetus</span> <span class='ocrx_word' id='word_1_153' title='bbox 1121 2899 1230 2965; x_wconf 77' lang='lat' dir='ltr'>Anto-</span> 
     </span>
     <span class='ocr_line' id='line_1_25' title="bbox 166 3001 1229 3091; baseline 0.002 -21"><span class='ocrx_word' id='word_1_154' title='bbox 166 3003 257 3087; x_wconf 91' lang='lat' dir='ltr'>nius,</span> <span class='ocrx_word' id='word_1_155' title='bbox 273 3002 328 3069; x_wconf 69' lang='lat' dir='ltr'>inl</span> <span class='ocrx_word' id='word_1_156' title='bbox 344 3001 475 3069; x_wconf 87' lang='lat' dir='ltr'>cunctis</span> <span class='ocrx_word' id='word_1_157' title='bbox 492 3001 658 3090; x_wconf 86' lang='lat' dir='ltr'>ejusmodi</span> <span class='ocrx_word' id='word_1_158' title='bbox 677 3001 993 3091; x_wconf 69' lang='lat' dir='ltr'>praedicationibus,</span> <span class='ocrx_word' id='word_1_159' title='bbox 1007 3004 1043 3071; x_wconf 93' lang='lat' dir='ltr'>in</span> <span class='ocrx_word' id='word_1_160' title='bbox 1057 3004 1229 3073; x_wconf 89' lang='lat' dir='ltr'>universis</span> 
     </span>
     <span class='ocr_line' id='line_1_26' title="bbox 165 3108 1230 3200; baseline 0.003 -23"><span class='ocrx_word' id='word_1_161' title='bbox 165 3110 209 3177; x_wconf 91' lang='lat' dir='ltr'>ad</span> <span class='ocrx_word' id='word_1_162' title='bbox 231 3111 357 3177; x_wconf 90' lang='lat' dir='ltr'>clerum</span> <span class='ocrx_word' id='word_1_163' title='bbox 383 3108 611 3188; x_wconf 88' lang='lat' dir='ltr'>sermonibus,</span> <span class='ocrx_word' id='word_1_164' title='bbox 637 3109 671 3175; x_wconf 94' lang='lat' dir='ltr'>in</span> <span class='ocrx_word' id='word_1_165' title='bbox 694 3109 748 3176; x_wconf 91' lang='lat' dir='ltr'>his</span> <span class='ocrx_word' id='word_1_166' title='bbox 777 3133 852 3200; x_wconf 73' lang='lat' dir='ltr'>quae</span> <span class='ocrx_word' id='word_1_167' title='bbox 877 3110 1063 3180; x_wconf 90' lang='lat' dir='ltr'>veniebant</span> <span class='ocrx_word' id='word_1_168' title='bbox 1086 3111 1129 3179; x_wconf 90' lang='lat' dir='ltr'>ad</span> <span class='ocrx_word' id='word_1_169' title='bbox 1154 3136 1230 3180; x_wconf 89' lang='lat' dir='ltr'>eum</span> 
     </span>
     <span class='ocr_line' id='line_1_27' title="bbox 166 3216 1230 3300; baseline 0.002 -16"><span class='ocrx_word' id='word_1_170' title='bbox 166 3216 318 3284; x_wconf 90' lang='lat' dir='ltr'>consiliis</span> <span class='ocrx_word' id='word_1_171' title='bbox 342 3227 375 3283; x_wconf 91' lang='lat' dir='ltr'>ot</span> <span class='ocrx_word' id='word_1_172' title='bbox 402 3225 616 3299; x_wconf 88' lang='lat' dir='ltr'>peccatorum</span> <span class='ocrx_word' id='word_1_173' title='bbox 637 3216 924 3297; x_wconf 87' lang='lat' dir='ltr'>confessionibus,</span> <span class='ocrx_word' id='word_1_174' title='bbox 942 3227 988 3299; x_wconf 89' lang='lat' dir='ltr'>et,</span> <span class='ocrx_word' id='word_1_175' title='bbox 1010 3218 1171 3300; x_wconf 87' lang='lat' dir='ltr'>breviter,</span> <span class='ocrx_word' id='word_1_176' title='bbox 1194 3219 1230 3286; x_wconf 93' lang='lat' dir='ltr'>in</span> 
     </span>
     <span class='ocr_line' id='line_1_28' title="bbox 167 3322 1230 3412; baseline 0.004 -22"><span class='ocrx_word' id='word_1_177' title='bbox 167 3323 239 3390; x_wconf 88' lang='lat' dir='ltr'>suis</span> <span class='ocrx_word' id='word_1_178' title='bbox 263 3322 363 3390; x_wconf 85' lang='lat' dir='ltr'>factis</span> <span class='ocrx_word' id='word_1_179' title='bbox 388 3333 421 3389; x_wconf 86' lang='lat' dir='ltr'>et</span> <span class='ocrx_word' id='word_1_180' title='bbox 445 3322 594 3412; x_wconf 87' lang='lat' dir='ltr'>negotiis</span> <span class='ocrx_word' id='word_1_181' title='bbox 621 3322 791 3402; x_wconf 87' lang='lat' dir='ltr'>omnibus,</span> <span class='ocrx_word' id='word_1_182' title='bbox 816 3322 865 3390; x_wconf 91' lang='lat' dir='ltr'>sie</span> <span class='ocrx_word' id='word_1_183' title='bbox 888 3324 981 3391; x_wconf 92' lang='lat' dir='ltr'>illam</span> <span class='ocrx_word' id='word_1_184' title='bbox 1010 3324 1135 3393; x_wconf 90' lang='lat' dir='ltr'>habere</span> <span class='ocrx_word' id='word_1_185' title='bbox 1157 3337 1230 3394; x_wconf 90' lang='lat' dir='ltr'>stu·</span> 
     </span>
     <span class='ocr_line' id='line_1_29' title="bbox 166 3427 1231 3524; baseline 0.004 -27"><span class='ocrx_word' id='word_1_186' title='bbox 166 3430 281 3515; x_wconf 91' lang='lat' dir='ltr'>debat,</span> <span class='ocrx_word' id='word_1_187' title='bbox 307 3429 355 3496; x_wconf 92' lang='lat' dir='ltr'>ita</span> <span class='ocrx_word' id='word_1_188' title='bbox 385 3428 429 3495; x_wconf 94' lang='lat' dir='ltr'>ad</span> <span class='ocrx_word' id='word_1_189' title='bbox 457 3452 531 3495; x_wconf 93' lang='lat' dir='ltr'>eam</span> <span class='ocrx_word' id='word_1_190' title='bbox 558 3427 708 3518; x_wconf 91' lang='lat' dir='ltr'>quotidie</span> <span class='ocrx_word' id='word_1_191' title='bbox 737 3429 947 3513; x_wconf 87' lang='lat' dir='ltr'>intendebat,</span> <span class='ocrx_word' id='word_1_192' title='bbox 976 3455 1078 3522; x_wconf 92' lang='lat' dir='ltr'>quum</span> <span class='ocrx_word' id='word_1_193' title='bbox 1106 3433 1231 3524; x_wconf 89' lang='lat' dir='ltr'>quippe</span> 
     </span>
     <span class='ocr_line' id='line_1_30' title="bbox 165 3534 1231 3626; baseline 0.004 -24"><span class='ocrx_word' id='word_1_194' title='bbox 165 3561 283 3602; x_wconf 90' lang='lat' dir='ltr'>omnes</span> <span class='ocrx_word' id='word_1_195' title='bbox 308 3534 563 3626; x_wconf 88' lang='lat' dir='ltr'>apprehendere</span> <span class='ocrx_word' id='word_1_196' title='bbox 583 3535 714 3626; x_wconf 85' lang='lat' dir='ltr'>jugiter</span> <span class='ocrx_word' id='word_1_197' title='bbox 734 3537 939 3617; x_wconf 89' lang='lat' dir='ltr'>instruebat,</span> <span class='ocrx_word' id='word_1_198' title='bbox 961 3548 999 3606; x_wconf 88' lang='lat' dir='ltr'>ut</span> <span class='ocrx_word' id='word_1_199' title='bbox 1023 3538 1107 3606; x_wconf 92' lang='lat' dir='ltr'>nihil</span> <span class='ocrx_word' id='word_1_200' title='bbox 1130 3539 1166 3606; x_wconf 92' lang='lat' dir='ltr'>in</span> <span class='ocrx_word' id='word_1_201' title='bbox 1192 3564 1231 3607; x_wconf 93' lang='lat' dir='ltr'>eo</span> 
     </span>
     <span class='ocr_line' id='line_1_31' title="bbox 164 3641 1231 3732; baseline 0.006 -25"><span class='ocrx_word' id='word_1_202' title='bbox 164 3642 328 3720; x_wconf 77' lang='lat' dir='ltr'>vidisseS,</span> <span class='ocrx_word' id='word_1_203' title='bbox 346 3641 428 3708; x_wconf 91' lang='lat' dir='ltr'>nihil</span> <span class='ocrx_word' id='word_1_204' title='bbox 450 3641 484 3708; x_wconf 92' lang='lat' dir='ltr'>in</span> <span class='ocrx_word' id='word_1_205' title='bbox 501 3642 576 3731; x_wconf 87' lang='lat' dir='ltr'>ipso</span> <span class='ocrx_word' id='word_1_206' title='bbox 590 3642 806 3732; x_wconf 90' lang='lat' dir='ltr'>percepisses</span> <span class='ocrx_word' id='word_1_207' title='bbox 826 3643 893 3711; x_wconf 91' lang='lat' dir='ltr'>nisi</span> <span class='ocrx_word' id='word_1_208' title='bbox 918 3644 989 3712; x_wconf 86' lang='lat' dir='ltr'>sale</span> <span class='ocrx_word' id='word_1_209' title='bbox 1014 3645 1231 3714; x_wconf 87' lang='lat' dir='ltr'>discretionis</span> 
     </span>
     <span class='ocr_line' id='line_1_32' title="bbox 165 3749 805 3838; baseline -0.002 -21"><span class='ocrx_word' id='word_1_210' title='bbox 165 3749 351 3827; x_wconf 90' lang='lat' dir='ltr'>conditum,</span> <span class='ocrx_word' id='word_1_211' title='bbox 373 3749 503 3838; x_wconf 89' lang='lat' dir='ltr'>pariter</span> <span class='ocrx_word' id='word_1_212' title='bbox 522 3758 556 3815; x_wconf 88' lang='lat' dir='ltr'>et</span> <span class='ocrx_word' id='word_1_213' title='bbox 576 3749 805 3817; x_wconf 85' lang='lat' dir='ltr'>commixtum.</span> 
     </span>
    </p>

    <p class='ocr_par' dir='ltr' id='par_1_5' title="bbox 208 3855 1232 3951">
     <span class='ocr_line' id='line_1_33' title="bbox 208 3855 1232 3951; baseline 0.004 -27"><span class='ocrx_word' id='word_1_214' title='bbox 208 3859 241 3924; x_wconf 89' lang='lat'>8.</span> <span class='ocrx_word' id='word_1_215' title='bbox 276 3855 449 3945; x_wconf 89' lang='lat' dir='ltr'>Siquidem</span> <span class='ocrx_word' id='word_1_216' title='bbox 480 3855 554 3946; x_wconf 85' lang='lat' dir='ltr'>ipse</span> <span class='ocrx_word' id='word_1_217' title='bbox 583 3855 645 3922; x_wconf 92' lang='lat' dir='ltr'>fuit</span> <span class='ocrx_word' id='word_1_218' title='bbox 673 3856 804 3946; x_wconf 85' lang='lat' dir='ltr'>primus</span> <span class='ocrx_word' id='word_1_219' title='bbox 831 3858 939 3925; x_wconf 90' lang='lat' dir='ltr'>lector</span> <span class='ocrx_word' id='word_1_220' title='bbox 966 3858 1000 3925; x_wconf 93' lang='lat' dir='ltr'>in</span> <span class='ocrx_word' id='word_1_221' title='bbox 1027 3859 1145 3927; x_wconf 84' lang='lat' dir='ltr'>ordine</span> <span class='ocrx_word' id='word_1_222' title='bbox 1174 3861 1232 3951; x_wconf 93' lang='lat' dir='ltr'>qui</span> 
     </span>
    </p>
   </div>
   <div class='ocr_carea' id='block_1_3' title="bbox 193 4078 897 4136">
    <p class='ocr_par' dir='ltr' id='par_1_6' title="bbox 193 4078 897 4136">
     <span class='ocr_line' id='line_1_34' title="bbox 193 4078 897 4136; baseline 0.004 -15"><span class='ocrx_word' id='word_1_223' title='bbox 193 4091 215 4121; x_wconf 82' lang='lat' dir='ltr'>a.</span> <span class='ocrx_word' id='word_1_224' title='bbox 231 4079 302 4122; x_wconf 79' lang='lat' dir='ltr'>Toxle</span> <span class='ocrx_word' id='word_1_225' title='bbox 324 4078 473 4132; x_wconf 63' lang='lat' dir='ltr'>refiguratur.</span> <span class='ocrx_word' id='word_1_226' title='bbox 487 4100 514 4111; x_wconf 92' lang='lat'>-</span> <span class='ocrx_word' id='word_1_227' title='bbox 531 4078 553 4123; x_wconf 92' lang='lat' dir='ltr'>b.</span> <span class='ocrx_word' id='word_1_228' title='bbox 573 4079 603 4123; x_wconf 85' lang='lat' dir='ltr'>ln</span> <span class='ocrx_word' id='word_1_229' title='bbox 616 4091 712 4136; x_wconf 88' lang='lat' dir='ltr'>manquc</span> <span class='ocrx_word' id='word_1_230' title='bbox 725 4079 781 4124; x_wconf 86' lang='lat' dir='ltr'>dnus</span> <span class='ocrx_word' id='word_1_231' title='bbox 794 4080 815 4124; x_wconf 91' lang='lat' dir='ltr'>lc</span> <span class='ocrx_word' id='word_1_232' title='bbox 829 4083 897 4124; x_wconf 80' lang='lat' dir='ltr'>texte.</span> 
     </span>
    </p>
   </div>
   <div class='ocr_carea' id='block_1_4' title="bbox 199 4257 514 4315">
    <p class='ocr_par' dir='ltr' id='par_1_7' title="bbox 199 4257 514 4315">
     <span class='ocr_line' id='line_1_35' title="bbox 199 4257 514 4315; baseline -0.003 -8"><span class='ocrx_word' id='word_1_233' title='bbox 199 4261 222 4307; x_wconf 86' lang='lat' dir='ltr'>l.</span> <span class='ocrx_word' id='word_1_234' title='bbox 241 4257 307 4309; x_wconf 79' lang='lat' dir='ltr'>Gen.</span> <span class='ocrx_word' id='word_1_235' title='bbox 322 4257 460 4315; x_wconf 85' lang='lat' dir='ltr'>XXXVII,</span> <span class='ocrx_word' id='word_1_236' title='bbox 476 4261 514 4306; x_wconf 82' lang='lat'>27.</span> 
     </span>
    </p>
   </div>
   <div class='ocr_carea' id='block_1_5' title="bbox 0 0 1473 4822">
    <p class='ocr_par' dir='ltr' id='par_1_8' title="bbox 0 0 1473 4822">
     <span class='ocr_line' id='line_1_36' title="bbox 0 0 1473 4822; baseline 0 0"><span class='ocrx_word' id='word_1_237' title='bbox 0 0 1473 4822; x_wconf 95' lang='lat' dir='ltr'> </span> 
     </span>
    </p>
   </div>
  </div>
 </body>
</html>
