2934 4822
383 394 414 441 s.
440 394 584 440 anronn
609 395 770 441 euoenon
795 402 811 436 a
833 395 1044 442 aemsmras
1066 402 1083 437 a
1196 375 1259 442 221

201 543 328 602 tactum
344 532 367 620 ¹,
388 532 430 600 de
462 532 529 601 alio
563 558 650 602 nunc
679 535 823 602 referam
850 532 1080 602 haeresiarcha
1105 534 1263 624 perfidis·

201 640 299 721 simo,
322 641 392 731 qui,
414 640 644 709 mediantibus
664 641 875 709 sanctissimi
894 641 960 709 viri
984 641 1127 727 moritis,
1146 666 1164 709 a
1186 666 1264 733 por·

199 747 279 815 fidia
299 757 417 816 erutus
437 748 500 815 luit
519 747 677 838 prodigio
698 748 879 839 stupendo.

243 858 277 922 6.
293 857 331 920 ln
348 855 505 945 partibus
521 854 717 935 Tolosanis,
735 879 837 946 quum
854 854 943 922 idem
967 855 1020 922 vir
1041 855 1263 923 beatissimus

200 960 368 1029 adversus
394 961 574 1052 quemdam
600 961 795 1029 haereticum
815 961 1080 1051 perfidissimum
1108 961 1149 1029 de
1176 962 1265 1029 salu·

200 1067 299 1135 tisero
335 1068 551 1136 eucharistiae
592 1079 808 1136 sacramento
847 1068 1010 1137 acerrime
1051 1067 1265 1160 disputasset

200 1174 379 1265 ipsumque
403 1174 595 1242 convictum
624 1199 720 1264 paene
747 1174 790 1241 ad
814 1175 915 1242 fidem
934 1173 1136 1243 catholicam
1156 1185 1265 1242 attra-

201 1280 322 1359 xisset,
340 1281 465 1371 adjecit
480 1281 546 1348 iste
560 1295 588 1359 α,
604 1291 682 1371 post
702 1281 807 1348 multa
828 1292 862 1348 et
875 1281 973 1350 varia
996 1306 1070 1372 quae
1090 1281 1264 1349 nitebatur

201 1387 440 1477 subterfugere
460 1398 689 1477 argumenta:
712 1390 743 1455 7.
769 1387 1003 1473 Dimittamus,
1019 1388 1141 1479 inquit,
1158 1388 1264 1456 verba

201 1504 235 1561 et
261 1493 439 1561 veniamus
464 1494 507 1561 ad
532 1494 633 1561 sacta.
666 1494 700 1562 Si
730 1506 780 1573 tu,
809 1495 949 1572 Antoni,
979 1519 1039 1586 por
1065 1495 1264 1562 miraculum

201 1600 330 1691 poteris
368 1601 546 1668 adstruere
586 1600 674 1691 quod
712 1601 747 1668 in
791 1601 1094 1668 communicatione
1137 1601 1264 1668 homini

200 1731 318 1774 verum
347 1718 463 1798 pateat
492 1731 615 1797 corpus
644 1707 788 1786 Christi,
818 1707 976 1797 abjurata
1004 1731 1146 1799 prorsus
1174 1708 1265 1775 omni

201 1813 358 1904 pertidia,
375 1815 527 1882 cervices
547 1838 640 1881 meas
662 1814 739 1881 fidei
760 1814 935 1882 catholicae
955 1838 1033 1882 mox
1053 1814 1263 1882 submittam.

200 1923 233 1988 8.
256 1921 323 1989 Cui
344 1920 490 1987 lamulus
512 1920 647 1988 Domini
667 1945 743 1988 cum
769 1919 892 1988 fiducia
922 1945 1048 2013 magna
1068 1920 1264 2012 respondit:

201 2027 346 2096 Confido
372 2028 408 2094 in
436 2028 609 2095 salvatore
638 2051 712 2095 mco
730 2032 813 2096 Jcsu
833 2025 973 2097 Christo
994 2028 1096 2119 quod,
1118 2050 1180 2118 pro
1208 2038 1267 2095 tua

201 2144 235 2202 et
266 2134 408 2202 aliorum
439 2135 674 2220 conversione,
701 2134 735 2201 id
768 2133 858 2224 quod
889 2135 1045 2225 postulas
1073 2133 1266 2202 miscricor-

202 2240 291 2308 diter
321 2240 525 2330 impetrab0.
546 2244 579 2310 9.
604 2242 759 2309 Surrexit
787 2241 930 2332 proinde
960 2240 1213 2326 hierusalen
1236 2243 1263 2323 1]

202 2346 382 2415 haereticus
397 2358 443 2423 et,
460 2372 562 2414 manu
582 2347 754 2415 silentium
771 2347 939 2428 indicens,
956 2347 1024 2416 ait:
1047 2350 1123 2439 Ego
1139 2347 1264 2414 animal

200 2479 304 2522 unum
329 2454 500 2522 recludam
520 2478 580 2545 per
605 2454 755 2521 triduum
783 2466 817 2522 et
840 2454 940 2522 laamis
959 2454 1072 2521 inedia
1092 2454 1262 2522 cruciabo,

202 2564 285 2629 Post
309 2561 458 2629 triduum
484 2585 566 2628 vero
594 2560 735 2628 educam
764 2561 846 2628 illud
873 2561 907 2627 iu
936 2571 1120 2651 conspectu
1148 2560 1263 2652 populi

201 2679 234 2735 et
265 2668 428 2759 paratas⁶
448 2691 546 2736 escas
578 2668 757 2735 ostendam
783 2667 831 2735 illi
858 2678 892 2735 et
919 2679 955 2735 tu
977 2668 1086 2735 stabis
1107 2677 1264 2735 econtra

201 2798 276 2841 cum
295 2784 353 2841 tuo
374 2773 463 2864 quod
489 2774 618 2842 asseris
638 2799 715 2842 esse
744 2798 867 2864 corpus
892 2774 1035 2844 Christi.
1063 2773 1098 2843 Si
1123 2774 1262 2855 animal,

201 2882 318 2948 relicto
338 2882 474 2971 pabulo,
492 2881 708 2950 festinaverit
727 2881 770 2949 ad
791 2886 898 2949 Deum
919 2905 1017 2949 suum
1037 2880 1262 2961 adorandum,

201 2988 442 3056 ecclesiasticae
471 2988 548 3055 fidei
578 3012 658 3055 vere
688 2988 835 3056 credam.
868 2991 919 3056 10.
948 2987 1013 3058 Cui
1041 2987 1263 3055 fidelissimus

201 3106 298 3184 pater
326 3095 479 3162 assensit
507 3095 580 3164 sinc
609 3119 725 3176 mora;
757 3106 792 3164 et
820 3095 868 3162 ait
896 3095 1101 3163 haereticus:
1124 3095 1262 3176 Audite,

200 3202 314 3292 populi
335 3226 465 3270 omnes.

247 3312 299 3376 11.
326 3309 416 3395 Quid
436 3308 552 3377 multis
575 3311 712 3376 morer?
738 3308 842 3378 Venit
861 3308 934 3376 dies
956 3308 999 3376 ad
1019 3308 1082 3376 hoc
1106 3308 1258 3398 praefixa.

203 3416 256 3482 Fit
275 3415 423 3506 undique
447 3439 633 3482 concursus
653 3415 768 3506 populi
792 3415 826 3483 in
846 3415 958 3505 platea
978 3414 1159 3483 latissima.
1183 3417 1263 3483 Ser-

200 3546 264 3588 vus
298 3522 428 3591 Christi
455 3523 626 3590 Antonius
660 3522 770 3600 adest,
805 3522 904 3589 turba
934 3521 1083 3589 fidelium
1111 3522 1262 3590 vallatus

200 3629 425 3718 permaximam
448 3629 565 3697 {adstat
590 3629 769 3696 licareticus
794 3653 869 3695 cum
891 3652 1028 3695 suorum
1049 3628 1261 3718 complicium

199 3746 335 3802 caterva
366 3735 587 3825 nequissima.
626 3739 677 3803 12.
713 3735 775 3802 Dei
805 3734 986 3814 famulus⁶,
1017 3735 1189 3826 paratusd
1219 3735 1262 3802 ud

199 3842 436 3909 celebrandum
457 3843 491 3908 in
506 3842 635 3931 capella
657 3866 756 3909 secus
776 3842 901 3932 posita,
919 3865 994 3908 cnm
1014 3865 1140 3932 magna
1162 3841 1261 3908 devo·

225 4080 246 4107 a.
260 4065 331 4108 mne
346 4066 399 4109 ista.
413 4089 440 4097 -
455 4066 476 4109 h.
490 4065 561 4108 Tene
572 4069 685 4121 paratus.
696 4087 723 4098 ·-
739 4077 760 4108 c.
774 4065 845 4108 'l'cxtr
858 4064 970 4120 pannulis.
984 4087 1010 4098 -
1022 4067 1046 4110 d.
1062 4065 1133 4109 Texta
1147 4069 1262 4121 paratur.

202 4182 410 4193 n——..

233 4247 252 4291 1.
271 4245 301 4290 t'.
319 4255 422 4307 supra:
438 4242 503 4309 Leg.
516 4241 619 4308 primo,
632 4248 656 4303 a,
673 4252 700 4291 n·
714 4247 738 4292 6.
