2934 4822
386 340 416 387 s.
442 339 587 386 noronn
612 340 773 387 euoenon
798 342 918 402 rrum,
947 324 964 388 1
1164 324 1210 392 23

509 1141 579 1204 titt
599 1140 708 1204 stitit!
730 1141 853 1205 ittottt

150 1678 182 1734 1.
205 1675 341 1747 Incipit
354 1677 532 1749 prologus
547 1675 586 1734 iu
599 1675 720 1735 vitam
730 1685 745 1716 α
761 1675 887 1735 saneti
901 1674 1053 1734 Antonii
1068 1675 1213 1734 conres-

208 1773 308 1833 soris
332 1776 370 1834 et
394 1776 440 1833 de
463 1774 661 1833 miraculis
684 1773 861 1844 ejusdem,
890 1787 973 1844 quae
998 1774 1212 1844 approbata

207 1871 358 1931 ruerunt
384 1886 452 1943 per
474 1871 660 1931 dominum
690 1872 908 1943 Gregorium
937 1884 1075 1942 papam
1098 1873 1149 1930 Ix
1174 1872 1212 1930 et

208 1970 427 2030 cardinales
442 1972 621 2030 Romanae
636 1970 820 2030 Ecclesiae
833 1965 858 2028 ⁶.

195 2290 224 2355 1.
251 2284 404 2354 Assidua
425 2285 569 2353 fratrum
587 2284 817 2376 postulatione
838 2283 1041 2364 deductus⁰‚
1064 2308 1212 2353 necnon

148 2403 182 2460 et
206 2393 409 2461 ohedientiae
434 2392 597 2460 salutaris
623 2392 736 2459 iruotu
756 2402 976 2482 provocatus
1005 2391 1048 2459 ad
1078 2392 1212 2460 laudem

147 2509 182 2566 et
201 2499 346 2589 gloriam
365 2499 610 2590 omnipotentis
632 2497 707 2578 Dei,
723 2498 831 2566 vitam
850 2508 883 2565 et
903 2508 1001 2566 antus
1020 2498 1213 2566 beatissimi

146 2607 256 2698 patris
282 2630 321 2673 ac
346 2605 464 2673 fratris
495 2604 605 2673 nostri
630 2605 772 2672 Antonii
803 2604 967 2672 caritatid
996 2604 1146 2672 fidelium
1173 2629 1212 2673 ao

147 2712 346 2782 devotioni⁶
362 2713 512 2781 scribere
532 2713 674 2804 dignum
693 2711 785 2780 duxi.
804 2716 837 2779 2.
861 2711 898 2779 ld
922 2735 1067 2803 namque
1086 2713 1120 2779 in
1140 2714 1212 2781 vita

148 2831 345 2889 sanctorum
378 2820 494 2910 agitur
527 2819 646 2911 quods
674 2819 870 2910 posteritati
900 2819 1050 2887 fidelium
1083 2820 1211 2909 scripto

147 2928 330 2996 mandatur
358 2937 540 3018 quatenuS,
567 2926 694 2994 auditis
720 2926 960 2994 miraculorum
991 2925 1102 3018 signis
1136 2950 1211 3017 quae

148 3039 242 3104 Deus
272 3044 432 3124 operatur
459 3034 494 3101 in
525 3033 668 3113 sanetis,
688 3057 822 3124 semper
844 3043 877 3100 et
901 3033 936 3099 in
957 3033 1115 3101 omnihus
1139 3033 1212 3099 lau-

148 3141 246 3210 detur
276 3141 442 3208 Dominus
463 3151 497 3208 et
516 3140 596 3207 vitae
625 3140 874 3208 correctionis&
892 3140 1013 3231 regula
1038 3164 1106 3206 una
1135 3164 1210 3206 eum

148 3247 342 3316 devotionis
362 3247 496 3315 fervore
516 3247 728 3315 ministretur
748 3247 918 3314 fidelibus,

192 3359 225 3423 3.
255 3357 300 3422 Et
325 3353 460 3445 quidem
483 3354 526 3421 ad
553 3378 639 3444 opus
663 3364 796 3421 tantum
819 3377 871 3421 me
897 3353 1059 3444 penitus'·
1081 3353 1212 3421 insuffi-

148 3462 292 3529 cientem
313 3461 407 3543 soi03
430 3484 492 3528 nee
511 3472 625 3528 tamen
645 3460 735 3528 labia
762 3485 837 3528 mea
855 3460 1048 3551 prohiheoi,
1067 3485 1212 3552 sperans

173 3722 196 3755 a.
209 3711 261 3755 Alc.
272 3711 320 3756 286.
335 3710 395 3755 nitu.
409 3734 436 3743 -
451 3711 473 3756 b.
489 3711 543 3756 Nat.
558 3711 630 3756 titos.
646 3710 739 3767 incipit
752 3710 873 3767 protopus
888 3710 915 3754 in
931 3711 1011 3755 vitam
1029 3710 1093 3755 beati
1106 3711 1213 3756 Antonii

146 3781 299 3836 consensoria
311 3783 342 3826 de
354 3782 442 3826 ordine
455 3783 575 3826 Fratrum
593 3783 731 3827 Minorem.
745 3781 812 3833 Luc..
831 3782 927 3838 Incipit
945 3782 1066 3838 protopuo
1088 3783 1114 3826 in
1134 3783 1213 3827 otiam

147 3854 212 3897 beati
235 3854 347 3897 Antonii.
368 3853 435 3897 Puris
455 3866 499 3897 om.
521 3853 636 3910 l'tncipit.
660 3854 724 3897 Dans
743 3855 764 3897 le
785 3866 827 3896 ms.
847 3853 1214 3898 tidelio1o1.antoniennedo

147 3925 247 3977 Pndoue,
261 3926 282 3968 le
294 3926 347 3968 huot
361 3925 391 3968 du
404 3927 503 3980 premier
515 3925 602 3969 ienitlet
616 3925 644 3968 de
663 3926 685 3967 lu
705 3924 799 3978 legende
814 3934 880 3978 ayant
894 3923 928 3968 nt
942 3924 1020 3979 coppe,
1034 3924 1055 3968 ie
1074 3938 1213 3969 commence-

147 4006 209 4039 meut
220 3995 249 4039 du
261 3996 377 4050 protogne,
389 3996 507 4052 jusqu'aux
519 4007 577 4040 mois
588 3997 613 4039 in
624 3997 676 4039 nita
688 3999 835 4040 sanctornm
846 3994 986 4051 epitomen
997 3996 1081 4040 diioui.
1089 4019 1115 4028 ·-
1125 4009 1146 4040 c.
1156 3997 1213 4042 Luc.

146 4078 169 4111 ei
183 4066 250 4110 Puris
261 4067 383 4112 deuictus.
396 4091 422 4100 -
432 4069 456 4111 d.
472 4069 525 4112 Aio.
535 4070 574 4114 286
587 4069 698 4112 caritate.
710 4090 736 4099 -
748 4080 768 4111 e.
781 4067 846 4110 Puris
859 4067 960 4111 caritati
972 4079 1001 4111 ac
1014 4067 1140 4111 deuotioni
1150 4068 1213 4122 fide-

147 4139 221 4183 tium.
233 4161 261 4171 -
271 4138 289 4193 s.
303 4139 355 4183 Alc.
369 4140 409 4184 285
427 4150 450 4183 et
472 4139 528 4183 Pad.
540 4152 602 4195 qum
618 4163 643 4172 -
656 4153 679 4195 p.
695 4140 761 4191 Luc..
778 4138 945 4184 correctioris.
959 4162 987 4171 --
1002 4140 1026 4182 tr.
1040 4139 1091 4183 Alc.
1107 4140 1147 4184 286
1166 4143 1212 4185 oin.

145 4210 250 4269 penitus
263 4210 336 4255 ioumi
349 4223 390 4267 pur
405 4211 471 4265 Luc„
485 4211 550 4265 Pan..
562 4212 635 4255 Paris.
648 4235 673 4244 -
686 4212 701 4256 i.
714 4212 765 4256 iile.
779 4212 819 4257 tto
833 4220 854 4254 et
868 4211 924 4255 Pud.
936 4210 1080 4267 prohibebo.
