2934 4822
431 382 460 426 s.
488 379 631 425 nnronn
657 380 818 427 essenon
843 381 962 440 earne,
989 362 1032 428 33
1219 360 1262 428 97

198 519 248 587 dit
274 530 319 597 et,
351 520 503 610 projecta
537 543 697 610 superse
726 518 852 598 tunica,
881 518 1028 609 pervigil
1059 518 1218 585 excubuit
1233 532 1262 586 α.

200 630 252 694 13.
287 627 468 716 Quumque
498 627 671 716 paululum
706 626 941 706 sustinuisset,
972 625 1108 716 pulsato
1141 625 1264 692 iterum

197 732 333 813 leetuto,
355 732 468 822 inagis
498 733 654 800 extimuit
682 743 727 821 et,
759 733 897 825 signum
923 732 1033 800 erneis
1061 732 1162 799 tronti
1193 755 1265 799 sure

196 848 396 938 imprimens
412 849 439 929 b,
471 848 581 915 dixit:
613 848 700 935 Quis
728 849 843 940 tangit
871 849 1045 916 tectumve
1076 850 1128 914 14.
1158 846 1265 914 Audi-

197 954 343 1045 vitqued
367 954 536 1023 dicentem
550 955 633 1022 sibi:
653 954 827 1022 Audacter
842 955 943 1046 signa
960 965 1004 1022 te.
1024 955 1070 1022 At
1085 954 1159 1021 illa:
1178 953 1264 1042 Quis

200 1061 433 1142 eS,dornine?
460 1062 524 1130 Cui
555 1061 610 1128 ille
637 1061 838 1152 respondit:
870 1064 948 1153 Ego
980 1084 1055 1128 sum
1079 1060 1263 1129 Antonius.

200 1167 475 1258 Exclamansqne
503 1169 623 1235 mulier
643 1169 691 1235 ait
713 1192 720 1235 :
744 1168 868 1235 Libera
887 1192 952 1254 me,
979 1178 1097 1235 sancte
1113 1167 1262 1234 Antoni!

201 1275 268 1363 Qui
292 1275 496 1366 respondit:
520 1278 608 1342 Eece
640 1276 737 1343 salva
757 1275 845 1343 taeta
865 1299 914 1343 es
944 1279 996 1344 15.
1019 1277 1122 1342 Mane
1150 1284 1266 1342 autem

200 1381 303 1462 factm
332 1381 453 1449 mulier
480 1381 642 1450 roborata
667 1381 815 1449 surrexit
838 1391 871 1449 et
897 1382 1026 1450 nullum
1054 1405 1197 1472 prorsus
1222 1380 1265 1449 ab
1354 1390 1357 1395 “

201 1488 281 1556 inde
301 1501 515 1580 gravamen⁶
536 1489 658 1557 sensit.

581 1871 640 1928 33.
659 1871 711 1927 De
727 1864 878 1928 eaeetss.

250 2128 279 2191 1.
306 2123 424 2191 Puella
448 2121 616 2213 quaedam,
638 2123 830 2191 nuriemas
845 2123 992 2209 nomine,
1010 2146 1070 2213 per
1090 2147 1215 2193 annum
1234 2134 1268 2192 et

203 2230 380 2297 dimidium
413 2231 587 2297 oculorum
620 2229 747 2296 lumine
780 2230 927 2320 privata,
961 2229 1004 2297 ad
1034 2253 1148 2298 arcam
1176 2231 1268 2299 beati

204 2337 357 2417 Antonii,
375 2336 536 2404 sanitntis
557 2337 684 2427 gratia,
713 2335 892 2426 deportata
913 2346 977 2404 est.
1005 2340 1036 2404 2.
1060 2338 1144 2424 Quae
1164 2361 1267 2428 quum

204 2467 366 2534 pannum,
395 2467 461 2534 quo
498 2443 743 2534 operiebaturr
775 2467 867 2524 area,
902 2443 1009 2511 oeulis
1048 2444 1121 2511 suis
1159 2445 1267 2534 appli-

205 2551 346 2630 cuisset,
381 2574 472 2631 mox,
502 2550 658 2641 apertis?
680 2550 868 2641 palpebris,
898 2550 1011 2618 lumen
1044 2550 1120 2618 eoeli
1150 2551 1268 2619 videre

202 2657 389 2748 promeruit
405 2656 429 2725 1'.

248 2767 281 2833 3.
310 2768 430 2831 Frater
459 2763 597 2854 quidam
625 2763 665 2831 de
694 2763 812 2832 ordine
843 2763 1029 2832 Fratrum'*
1057 2763 1227 2833 Minorum
1244 2767 1266 2846 ²,

203 2870 437 2937 Theodorieus
462 2871 610 2950 nomine,
633 2869 776 2937 duorum
796 2893 961 2938 annorum
988 2872 1101 2963 spatio
1128 2872 1269 2940 sinistro

204 2976 329 3044 lumine
351 2977 541 3057 ortuense,
564 2976 605 3044 de
625 2977 758 3068 Apuliae
780 2977 905 3044 finibus
921 2977 965 3045 ad
985 2978 1268 3047 arcamrsanctio

203 3083 313 3173 patris
341 3083 480 3150 Antonii
507 3083 652 3151 devotus
681 3084 869 3152 accessite.
900 3087 934 3152 4.
963 3085 1031 3171 Qui
1060 3108 1175 3176 quum,
1206 3084 1270 3152 ali-

205 3189 355 3279 quandiu
388 3213 463 3257 eum
492 3190 654 3258 tratribus
684 3191 809 3258 Paduae
838 3202 1081 3280 commoratus,
1108 3192 1269 3260 sanitatis

206 3296 379 3386 gratiane
400 3297 571 3364 instanter
593 3299 818 3387 postulasset,
840 3308 958 3389 optato
982 3298 1119 3367 tandem
1139 3299 1269 3390 potitus

205 3402 343 3482 lumine,
366 3406 438 3470 Deo
454 3403 586 3493 gratias
607 3427 716 3494 agens
731 3418 745 3447 s
761 3405 905 3473 recessit
919 3419 942 3474 ³.

232 3611 254 3642 a.
263 3599 320 3642 Ano.
330 3612 373 3642 orn.
387 3601 420 3642 tes
428 3598 509 3643 ‹tetnils
519 3619 523 3644 z
535 3611 676 3655 nocensque
685 3601 821 3655 quemdum
829 3614 841 3645 e
849 3601 933 3647 vicino
941 3607 1148 3655 commorantem,
1157 3604 1272 3658 quesivit

205 3669 228 3712 st
244 3670 305 3723 quid
325 3671 415 3714 nndttu
432 3672 595 3727 percepisset.
611 3674 665 3724 Quo
685 3674 851 3727 respondente
863 3673 923 3727 quia
938 3674 1002 3717 ntntt
1014 3675 1119 3719 omniuo
1137 3675 1269 3727 sonuisset,

205 3740 232 3782 tn
250 3740 313 3784 tecto
327 3742 417 3784 resedit
430 3745 451 3785 et
464 3743 575 3797 projecta
588 3755 665 3798 super
678 3754 705 3787 se
720 3744 814 3788 tunica.
826 3767 852 3776 -
867 3745 889 3787 tr.
905 3745 972 3788 Paris
989 3745 1100 3800 frontem
1113 3746 1271 3803 imprimens.

205 3834 231 3844 -
243 3822 264 3855 c.
278 3811 344 3855 Paris
354 3812 447 3856 tectum
459 3813 545 3867 tanptt.
566 3836 592 3845 -
603 3815 627 3857 d.
641 3813 697 3857 Luc.
711 3818 734 3858 et
746 3814 801 3858 Part.
815 3816 867 3858 edd.
879 3827 974 3860 vocem.
985 3838 1011 3848 -
1021 3828 1041 3860 e.
1055 3816 1122 3860 Paris
1136 3829 1272 3872 pronomen

206 3883 236 3925 ab
255 3882 321 3926 inde.
334 3906 360 3914 -
374 3882 392 3936 t.
406 3885 456 3927 Ate.
469 3884 516 3929 ⁶280.
531 3886 594 3928 Item
608 3887 638 3927 de
651 3885 731 3930 erecte.
747 3885 802 3929 an.
820 3887 928 3942 Stpnum
940 3888 971 3931 de
983 3888 1063 3932 cereta.
1076 3888 1143 3931 Poris
1155 3889 1273 3933 Derecto

207 3953 365 3998 tttummatis.
376 3978 403 3986 -
412 3968 434 4009 p.
446 3957 496 3998 Ate.
507 3955 686 4000 2862turtenta.
695 3980 721 3988 —
731 3957 755 3999 tr.
769 3956 824 4000 Lne.
838 3958 1034 4013 cooperiebatur.
1051 3959 1100 4002 -r'.
1116 3961 1167 4003 Ate.
1180 3961 1271 4005 ttdom.

206 4026 308 4080 apertis.
321 4049 347 4056 —
355 4025 375 4079 j.
389 4024 446 4069 Luc.
461 4027 637 4082 repromerntt.
647 4050 673 4059 -
686 4027 708 4070 t.
723 4027 840 4071 Porisonr.
855 4029 983 4072 Fratrum.
997 4053 1022 4062 -
1036 4030 1052 4073 1.
1065 4031 1123 4074 Am..
1136 4032 1166 4075 de
1184 4032 1273 4075 ordine

157 4148 161 4157 ¹
206 4100 300 4139 nostro.
311 4119 337 4127 —
353 4108 386 4140 m.
400 4096 455 4140 Luc.
470 4098 568 4141 strrtstrr'
579 4099 646 4142 ocuti
659 4098 754 4142 otetone
760 4099 884 4154 privatus.
898 4123 923 4132 -
936 4112 961 4145 n.
975 4101 1031 4145 nnc.
1043 4102 1199 4158 sepulerum.
1211 4124 1238 4134 -
1250 4115 1272 4146 o.

206 4165 273 4209 Paris
285 4167 357 4211 beati.
366 4191 392 4198 —
402 4181 426 4223 p.
438 4167 494 4212 Luc.
509 4181 558 4212 non
570 4170 663 4223 absorte
675 4180 766 4224 rnopno
779 4171 904 4226 corporati
917 4171 1067 4216 dteernnme
1077 4173 1185 4230 supplere
1197 4173 1272 4218 eeutt.

206 4260 233 4271 -
244 4250 268 4293 q.
277 4240 328 4282 Ate.
342 4238 382 4284 ‘eat
393 4239 482 4294 protis.
491 4263 516 4274 -
526 4253 545 4284 r.
554 4241 605 4284 nic,
618 4241 657 4287 286
669 4253 713 4284 orn.
726 4252 811 4296 aperta.
819 4262 846 4275 ·-
855 4253 876 4287 a.
885 4240 942 4287 Luc.
956 4242 1055 4299 amplitte
1066 4244 1125 4288 ainsi
1137 4246 1159 4288 Ιι
1170 4244 1273 4288 derniere

1219 4351 1231 4397 7
