2934 4822
333 377 398 422 >nas
423 373 577 423 souacns
603 375 646 420 ne
671 353 869 421 u'rrrsroms
895 373 1119 420 rnroursnna
1195 352 1259 419 251

519 623 545 672 8·
562 620 706 675 VIncont
715 621 756 673 de
769 620 936 673 Beauvais.

228 811 267 862 La
292 813 381 861 notico
405 825 458 875 que
479 811 597 861 vincent
619 809 816 870 dosseauvals,
833 812 903 860 mort
926 823 960 859 en
983 812 1052 870 1264,
1073 822 1205 859 consuere
1226 822 1261 859 au

197 891 443 953 uttraunraturge»
474 891 648 952 franciscam,
675 889 744 939 dans
769 902 819 939 son
846 888 991 953 Speculum
1018 887 1172 949 Iu'storr‘nte,
1203 887 1261 949 (ΙΙΙ),

197 972 269 1031 XXI,
288 985 348 1035 cap.
366 971 509 1022 CXXXII
525 970 671 1032 CXXXV),
690 971 760 1020 n'est
782 969 937 1032 egalement
960 970 1043 1034 qu’un
1066 969 1175 1030 extratt,
1195 982 1261 1018 sans

197 1051 222 1102 Io
238 1050 361 1102 moindre
375 1052 474 1101 intorti
489 1064 559 1115 pour
574 1063 653 1110 nous,
669 1049 745 1100 dela
766 1049 828 1100 I'r'to
848 1053 959 1099 auclore
972 1062 1119 1112 anonymo.

607 1273 634 1324 t·
650 1270 845 1326 Rolandino.

228 1473 303 1521 bans
316 1485 348 1522 sa
363 1471 514 1535 chronique
535 1468 575 1520 De
593 1469 678 1532 sactis
696 1469 724 1518 in
739 1467 867 1520 Motaleia
890 1467 1040 1519 Torvtsr'na
1055 1469 1074 1529 ¹,
1095 1469 1180 1518 terito
1198 1479 1261 1518 vers

197 1555 266 1611 1260,
284 1550 437 1601 Rotandtno
447 1552 468 1612 ²,
481 1563 517 1600 au
532 1551 603 1611 solet
618 1548 653 1600 de
668 1549 742 1599 saint
756 1549 885 1609 Antoine,
901 1549 1046 1612 s'exprime
1061 1546 1150 1597 ainsi:

294 1773 438 1841 Miserat
451 1772 540 1840 enim
557 1775 663 1851 Deus,
675 1781 757 1838 tunc
773 1769 949 1860 temporis,
968 1769 1118 1837 Paduam
1133 1768 1175 1836 de
1188 1768 1259 1836 tini·

196 1882 261 1948 bus
292 1879 465 1970 Hispaniae
497 1890 530 1946 et
558 1878 599 1945 do
626 1877 783 1969 partibus
817 1875 1029 1956 Occidentis,
1049 1887 1087 1944 ut
1114 1875 1260 1966 potede

196 1988 299 2054 terris
320 1985 487 2065 Galliena
505 1984 646 2054 Sibilliae
667 1994 702 2052 et
723 1983 915 2060 Ulixbonae,
934 1982 1190 2074 supradictum³
1208 1982 1260 2049 vi·

197 2118 270 2161 rum
308 2092 507 2183 religiosum
539 2102 572 2159 et
605 2100 773 2170 sanetum,
807 2090 945 2157 fratrem
984 2089 1183 2166 Antonium,
1218 2089 1260 2157 de
1318 2071 1323 2084 ⁸

198 2200 317 2267 ordino
345 2203 501 2266 Fratrum
525 2197 709 2275 bimorum,
726 2197 784 2288 qui
804 2197 867 2265 suit
888 2197 930 2264 de
951 2220 1076 2287 genere
1097 2196 1260 2264 nobilium

198 2318 232 2375 et
251 2317 439 2397 potentum,
457 2305 562 2373 multa
577 2304 756 2373 honestate
772 2303 985 2395 perspicuus,
1008 2303 1113 2370 multa
1132 2303 1258 2371 littera·

198 2425 273 2482 tura
301 2412 476 2491 fundam,
499 2436 579 2479 arca
604 2411 733 2479 veteris
753 2409 949 2478 testamenti
976 2420 1010 2478 et
1033 2411 1139 2477 forma
1166 2410 1258 2490 novi,

197 2531 243 2600 ct,
275 2520 316 2605 (si
336 2519 452 2588 verbis
472 2518 615 2586 audacia
640 2517 835 2604 tribuatur),
865 2528 987 2608 potens
1011 2541 1112 2608 opere
1134 2527 1168 2585 et
1187 2540 1260 2584 ser·

197 2650 308 2695 mone.

244 2733 317 2818 ilic,
340 2731 465 2799 Padurn
487 2729 709 2821 corporaliter
729 2740 956 2798 conversatus
978 2754 1053 2798 curn
1080 2730 1258 2813 iratribus,

197 2839 422 2929 spiritualiter
441 2837 620 2907 habitabat
633 2838 667 2905 iu
688 2836 782 2905 coelis
798 2847 832 2905 et
851 2836 924 2904 suis
944 2836 1256 2927 praedicationibus,

197 2970 283 3036 quas
318 2969 379 3035 per
414 2944 571 3012 diversas
602 2954 777 3013 contratas
812 2943 949 3020 Paduae,
978 2943 1046 3011 imo
1082 2943 1257 3024 Marabius,

198 3053 299 3119 otiam
320 3076 379 3142 por
403 3051 562 3120 civitates
587 3062 621 3119 et
647 3050 749 3118 viilas
775 3050 968 3141 saepissime
997 3050 1155 3130 iaciebat,
1177 3075 1259 3118 suos

198 3158 345 3226 habebat
372 3158 489 3225 oculos
518 3168 552 3226 et
572 3168 718 3226 mentem
747 3157 852 3225 multo
881 3157 993 3248 magis
1022 3156 1189 3225 elevatam
1216 3157 1259 3225 ad

197 3267 330 3333 coelum.

242 3373 321 3440 Sive
337 3372 425 3439 onim
450 3371 539 3461 quod
560 3371 713 3463 speravit
732 3371 785 3440 bic
800 3383 942 3440 sanctus
962 3372 1061 3440 borno
1079 3372 1115 3440 in
1137 3376 1257 3450 Deum,

198 3479 270 3546 sive
286 3479 375 3568 quod
396 3488 508 3546 motus
528 3477 591 3546 fuit
609 3478 653 3547 ab
671 3477 790 3546 amicis
810 3478 944 3547 comitis
960 3479 1076 3548 Sancti
1094 3480 1259 3548 Boniiaoii

225 3727 242 3771 I.
258 3728 302 3782 Ap.
316 3727 459 3779 Munnronr,
471 3728 528 3772 Iter.
541 3726 594 3771 itai.
604 3728 702 3783 script..
718 3731 733 3773 t.
748 3727 821 3773 VIII.

222 3800 242 3843 2.
259 3799 304 3844 sur
316 3797 445 3842 RotandIno
457 3799 506 3842 voir
516 3799 659 3851 Munnroar,
672 3800 702 3843 In
713 3799 818 3845 Rolano.
830 3799 943 3845 chronic.
956 3801 1079 3857 prefatio,
1088 3815 1124 3857 ap.
1138 3803 1194 3846 Iter.
1207 3805 1258 3848 ital.

195 3869 293 3925 script,
304 3872 319 3913 t.
332 3869 406 3921 vlu,
418 3884 439 3924 p.
454 3871 497 3914 Iob.

222 3944 242 3984 3,
260 3939 444 3984 I¹rr²ridemmcnc
457 3942 584 3986 RolendIno
594 3943 654 3987 araIt
666 3943 715 3986 dit:
729 3943 741 3987 I
744 3956 759 3986 a
770 3943 813 3987 ino
824 3947 935 3999 temporo
945 3944 1014 3999 (cIrea
1026 3945 1155 3988 boemanni
1168 3945 1260 3989 IIoruini

198 4011 364 4064 Ilccxxrxi
376 4012 441 4056 iuter
450 4015 551 4057 caeteros
561 4014 628 4058 ciros
640 4014 768 4069 religiosos
780 4017 802 4058 et
811 4016 903 4070 justos,
915 4016 1016 4060 aucentt
1026 4016 1112 4060 beatus
1124 4017 1258 4063 Antouurs.

196 4083 261 4126 stcut
274 4082 372 4126 dicetur
385 4082 500 4136 inferius,
513 4087 536 4127 et
548 4083 574 4127 ta
586 4085 693 4129 dtuersr’s
704 4086 766 4130 Iocis
777 4097 824 4141 per
834 4087 976 4130 Itarctrr'am
987 4087 1061 4131 verba
1074 4087 1118 4131 Dei
1131 4100 1190 4132 uoce
1201 4089 1260 4132 met-

196 4153 267 4207 tissua
287 4152 441 4208 pradtcaou.
463 4154 632 4209 (Rouaauruo,
656 4157 756 4210 chron„
779 4157 819 4202 lib.
844 4157 878 4209 ΙΙ,
900 4170 949 4213 carr.
969 4157 1035 4210 xlx,
1057 4172 1093 4214 ap.
1114 4159 1259 4214 Mcarronr,

197 4225 213 4269 t.
227 4223 301 4278 VIII,
313 4224 356 4270 col.
370 4224 416 4271 198.
