2934 4822
195 388 262 454 214
374 407 404 453 s.
431 406 576 453 arronii
600 407 762 453 reorum
787 412 804 448 a
830 406 1040 453 nesronrras
1061 413 1078 448 ι

194 547 326 637 tiquos3
342 546 492 614 seeundo
511 571 572 637 per
592 546 697 613 lilium
713 570 813 613 suum
832 546 1045 638 unigenitum
1064 558 1099 614 et
1118 558 1266 615 sanctos

195 654 394 744 apostolos;
416 653 518 720 tertio
537 676 598 744 per
616 653 776 721 doctores
800 653 954 721 ccclesiae
979 653 1264 735 sacratissimos3

195 761 382 828 novissime
412 784 473 849 per
499 785 621 828 servos
650 785 733 828 suos
764 760 983 828 franciscum
1010 771 1043 827 ct
1073 760 1266 828 Antonium

195 891 234 935 ac
254 868 339 935 alios
359 867 602 958 praedicatores
631 867 934 959 advesperascenti
956 869 1028 959 jam
1055 867 1196 947 saeculo,
1225 878 1266 935 ut

196 974 358 1060 creditur,
374 974 579 1042 destinatos.

693 1278 751 1375 Κ,

243 1549 272 1612 1.
296 1546 326 1613 Ο
356 1544 531 1611 humilitas
559 1545 710 1623 insolita,
727 1570 748 1613 o
774 1544 910 1612 devotio
941 1543 1064 1611 eximia
1083 1554 1118 1610 ct
1136 1566 1158 1610 o
1183 1541 1265 1610 des·

195 1652 306 1742 peetio
333 1651 386 1718 sui
414 1652 524 1741 ipsius
555 1652 739 1742 praecipua,
766 1652 800 1718 in
821 1650 970 1718 Antonio
1000 1650 1054 1717 bio
1081 1649 1262 1716 relucens!

196 1759 264 1825 Alii
288 1758 520 1849 quamplures
544 1770 726 1849 antequam
749 1758 819 1825 sint
848 1757 1018 1848 discipuli.
1042 1755 1162 1823 volunt
1195 1780 1264 1823 ma·

197 1865 299 1956 gistri
320 1865 405 1944 lieri,
427 1890 464 1932 se
485 1865 683 1955 ingerentes
703 1865 746 1932 ad
767 1864 960 1951 cathedras,
977 1862 1264 1954 quemadmodum

196 1972 239 2039 ad
265 1972 458 2039 relectionis
483 1995 634 2047 mensas,
663 1983 697 2040 et
725 1971 884 2061 grandia.
910 1970 1164 2061 utplurimum,
1196 1993 1264 2037 non

196 2078 468 2168 intelligentibus
495 2079 688 2146 reboantes
718 2083 750 2146 2.
780 2077 963 2156 Antonine,
990 2079 1062 2167 jam
1089 2077 1264 2167 perlectus

196 2187 231 2253 in
260 2186 351 2253 omni
379 2186 506 2276 pagina
541 2209 653 2270 sacra,
686 2185 798 2275 magis
827 2184 1016 2274 computari
1046 2183 1143 2274 eligit
1174 2183 1265 2249 inter

197 2292 323 2360 idiotas
351 2304 385 2360 et
409 2292 515 2360 laicos
541 2316 642 2383 quam
669 2293 759 2359 inter
789 2292 913 2359 sciolos
944 2303 978 2358 et
1001 2290 1203 2380 magistros
1226 2294 1261 2358 3.

197 2399 368 2467 Antonius
397 2399 596 2489 obsequitur
625 2400 777 2489 coquinae
807 2398 978 2466 exercitiis
1008 2421 1048 2464 ae
1076 2396 1263 2464 humilibus

196 2505 357 2573 libentius
391 2530 428 2572 se
461 2506 629 2573 immiscet
665 2529 767 2596 quam
804 2505 838 2572 in
871 2503 1034 2572 cathedra
1067 2502 1264 2594 magistrali

197 2613 335 2680 residet.

240 2722 272 2786 4.
305 2720 414 2810 Igitur
443 2730 638 2809 susceptum
668 2720 875 2809 evangelicae
905 2717 1160 2808 praedicationis
1190 2715 1264 2783 offi-

196 2827 283 2893 cium
304 2850 426 2893 servus
447 2827 500 2893 bic
520 2827 669 2916 prudens
689 2836 723 2893 ct
742 2826 852 2893 tidelis
873 2836 942 2892 tarn
965 2824 1145 2892 efficaciter
1165 2848 1264 2890 exer·

197 2958 271 2999 cero
310 2944 343 2999 et
380 2933 556 3023 eleganter
594 2933 752 2999 exhibere
788 2932 922 2999 curavit
960 2942 1013 3010 ut,
1054 2930 1170 3022 requie
1208 2931 1263 2997 sui

197 3040 350 3129 corporis
389 3040 524 3129 penitus
563 3040 751 3129 abnegata,
790 3063 851 3129 per
889 3038 1059 3117 civitates,
1094 3038 1190 3104 vicos
1228 3047 1265 3104 et

197 3157 312 3213 castra
344 3146 562 3219 discurreret,
599 3146 774 3236 arguendo
808 3145 1014 3229 incredulae,
1048 3143 1263 3211 obsecrando

197 3252 272 3342 pios
297 3263 330 3319 et
353 3253 477 3342 impios
503 3253 631 3342 pariter
658 3255 732 3333 [145
755 3252 776 3318 b
802 3256 832 3334 1]
852 3251 1072 3341 increpando,
1097 3274 1148 3329 ac,
1172 3250 1264 3317 sicut

197 3359 454 3425 allluentissimc
482 3359 528 3425 ita
558 3370 590 3425 et
616 3358 904 3434 ferventissime&
935 3357 1159 3448 congruentia
1188 3381 1263 3424 orn-

197 3464 297 3532 nibus
317 3465 479 3531 doctrina
500 3466 627 3533 monita
648 3476 871 3555 praerogaret.
889 3470 920 3532 5.
940 3468 1025 3531 Nam
1046 3463 1262 3554 sapientibus

228 3680 249 3725 t.
274 3677 310 3725 Le
335 3677 467 3738 fragment
493 3679 559 3727 tiso
582 3680 712 3741 rapporte
737 3690 834 3726 encore
860 3692 894 3725 au
916 3678 1003 3726 niente
1030 3676 1154 3740 clrapttre
1178 3676 1212 3726 de
1235 3677 1264 3727 la

196 3758 311 3819 tegenda
326 3758 417 3820 primo
437 3773 444 3806 ;
467 3757 507 3807 lte
520 3758 715 3821 [trutinatione
739 3757 798 3819 ejus
819 3772 869 3820 per·
894 3757 1092 3815 llomuniolom,
1117 3760 1182 3817 eto,
1197 3756 1261 3818 (tle.

197 3837 293 3885 l’arts:
312 3836 351 3885 lie
365 3837 460 3899 efferto
474 3838 681 3900 [inquinationis
696 3837 793 3901 ipsius)
809 3840 835 3885 et
851 3838 907 3886 doit
923 3839 980 3886 ttre
1000 3836 1037 3891 lu,
1054 3836 1165 3899 indique
1181 3839 1263 3887 notre

196 3916 256 3973 tta,
285 3919 365 3964 avant
384 3917 408 3965 le
424 3931 543 3979 passage.
558 3916 736 3965 discurrente
752 3921 841 3965 {rotem
859 3931 897 3967 co.
913 3917 959 3980 qui
974 3916 1059 3966 relate
1082 3916 1206 3965 l'arrii'ee
1223 3916 1262 3966 du

196 3996 294 4043 saintet
311 3996 419 4051 ltirnini,
437 3998 479 4057 (V.
495 4011 579 4059 snpra
594 4010 599 4043 τ
617 3997 680 4059 teg.
693 3997 793 4059 primo.
809 4002 832 4055 tt,
847 4007 873 4044 n‘·
886 3997 919 4058 t).

228 4079 250 4122 2.
264 4076 475 4138 itsllmentissime
489 4077 528 4125 llll
545 4081 569 4124 et
583 4076 803 4139 [cruentissimas
814 4077 990 4139 expressions
1004 4075 1040 4124 dn
1055 4076 1201 4140 Dialogus,
1214 4076 1261 4127 cd.

198 4154 350 4209 Lernrnens,
370 4169 395 4218 p.
412 4161 435 4216 tt,
451 4160 477 4204 ct
497 4156 530 4204 cle
554 4156 579 4204 la
599 4156 714 4219 legendo
733 4156 835 4219 primu,
858 4157 901 4218 (V.
924 4156 1261 4221 s11p1·a:teg.pruna,a‚

197 4243 225 4281 η’
240 4235 273 4297 3).
