2934 4822
196 357 262 426 218
374 378 404 425 s.
431 378 575 427 anronu
600 380 761 427 sesenna
787 387 804 422 a
826 381 1036 427 neurnnmns
1058 387 1076 423 n

702 839 761 936 „1

242 1164 272 1227 1.
299 1160 412 1246 Quum
437 1160 526 1227 enim
551 1159 593 1227 ad
615 1161 705 1228 servi
727 1161 789 1229 Dei
809 1162 1085 1252 praedicationem
1112 1163 1262 1253 populus

196 1266 356 1357 undique,
394 1267 489 1334 velut
516 1267 709 1358 pluviarum
738 1279 858 1359 guttae,
889 1269 1021 1359 jugiter
1059 1271 1260 1350 conllneret,

196 1374 389 1441 nullatenus
420 1383 534 1441 tamen
567 1374 748 1442 clamorem
781 1399 819 1442 se
856 1375 1117 1465 exprimentium
1146 1401 1261 1466 perce-

148 1459 160 1480 ⁰
194 1482 320 1571 pisses.
346 1484 378 1548 2.
401 1484 577 1571 Nusquam
598 1481 749 1550 vidisses
774 1481 1034 1550 dissolutionem
1058 1494 1117 1550 aut
1137 1483 1260 1569 risum,

196 1612 262 1655 non
287 1588 433 1678 aliquem
454 1612 528 1655 curn
549 1612 611 1655 suo
631 1588 821 1680 propinque
841 1590 947 1656 verba
968 1589 1179 1669 miscentem,
1196 1614 1261 1658 seu

194 1695 397 1762 inlantulum
423 1696 626 1786 plorantem,
657 1720 717 1763 seu
746 1696 938 1787 quempiam
969 1720 1067 1764 suam
1091 1697 1261 1788 praedica-

195 1802 321 1872 tionem
344 1801 399 1870 vel
421 1801 456 1869 in
477 1801 609 1869 modico
631 1803 900 1893 perturbantem.

238 1914 270 1979 3.
300 1910 446 1978 Stabant
467 1932 585 1976 omnes
610 1909 660 1976 sic
680 1909 827 1991 attoniti,
851 1933 989 1978 servum
1010 1910 1147 1978 Domini
1171 1911 1259 1979 irre·

193 2016 386 2085 verberatis
406 2017 536 2107 absque
555 2016 809 2084 intermissione
830 2016 1014 2085 luminibus
1029 2018 1260 2108 contemplan-

194 2136 260 2203 tes,
288 2124 379 2192 omni
399 2147 541 2214 prorsus
561 2124 659 2214 pulsa
685 2122 855 2203 molestia,
885 2123 1107 2192 devotissime
1129 2125 1260 2214 pariter

195 2231 419 2308 sustinentes,
440 2241 603 2321 tanquam
622 2230 651 2297 si
666 2255 754 2297 unus
770 2230 811 2297 de
832 2230 1011 2320 spiritibus
1029 2231 1195 2321 angelicis
1217 2231 1259 2299 de

195 2340 279 2405 coelo
311 2337 548 2405 descendisset
571 2349 616 2416 et,
645 2338 718 2405 loco
746 2337 869 2427 ipsius,
896 2348 1000 2405 tantae
1025 2337 1072 2406 ibi
1099 2337 1259 2407 adunatae

194 2444 403 2513 multitudini
424 2448 500 2527 [146
519 2469 539 2512 a
562 2447 590 2527 l]
610 2443 844 2535 praedicasset.

238 2555 270 2619 4.
298 2555 368 2619 Nec
401 2552 536 2630 mirum,
566 2575 668 2642 quum
701 2556 793 2619 Deus
824 2562 921 2619 tanta
957 2575 1033 2618 eum
1071 2552 1260 2642 perfuderit

195 2659 307 2749 gratia
340 2659 429 2750 quod
456 2670 490 2726 et
518 2658 636 2744 lingua
670 2683 744 2738 sua,
773 2659 917 2726 facunda
947 2669 980 2726 et
1011 2658 1257 2740 disertissima,

193 2790 276 2833 voce
303 2767 395 2833 clara
424 2777 457 2833 et
488 2766 732 2855 placidissima,
759 2766 1042 2857 quomadmodum
1067 2767 1149 2833 tuba
1178 2768 1256 2845 Dei,

195 2875 238 2940 ab
258 2873 415 2940 omnibus
443 2873 644 2940 audiebatur
667 2884 700 2940 et
725 2874 994 2963 intelligebatur.
1017 2880 1048 2940 5.
1071 2878 1116 2941 Et
1136 2874 1258 2940 mirum

194 2980 306 3059 valde,
330 3004 432 3071 quum
452 2980 493 3046 de
526 2990 596 3046 tarn
622 2981 761 3047 remotis
783 2979 938 3071 partibus
959 2981 1123 3047 traxisset
1151 2981 1258 3071 origi·

195 3112 270 3154 nem
286 3099 319 3154 et
333 3087 458 3154 ibidem
473 3087 577 3178 longo
597 3088 719 3154 luisset
737 3097 888 3176 tempore
909 3087 1086 3165 educatus
1104 3088 1257 3178 linguam

195 3206 308 3262 tamen
324 3195 472 3262 italicam
494 3194 696 3285 loquebatur
715 3194 850 3286 politice
873 3219 912 3261 ac
933 3195 961 3261 si
983 3219 1155 3285 nunquam
1175 3195 1257 3263 alibi

194 3302 416 3393 perstitisset.

192 3469 399 3485 —

225 3574 248 3620 1.
267 3571 305 3622 Ca
320 3572 457 3633 fragment
471 3573 494 3621 N
509 3575 551 3622 cst
567 3571 677 3636 indique
688 3585 793 3622 comme
804 3572 905 3621 devant
921 3574 978 3621 cire
999 3572 1131 3622 intercalc
1146 3572 1216 3622 dans
1232 3574 1259 3624 ia

194 3650 362 3715 description
382 3665 435 3715 quc
452 3652 540 3702 initia
556 3653 777 3717 tcgcarloprirne
796 3652 830 3701 de
846 3652 1080 3716 l'enrprcssemenl
1095 3656 1122 3704 et
1144 3654 1177 3703 de
1197 3653 1261 3704 l'en·

194 3731 364 3781 tlrousiasrne
380 3745 446 3781 avec
465 3733 585 3796 lesqucls
600 3734 627 3782 la
645 3733 716 3782 iouia
732 3748 760 3782 se
777 3736 879 3796 portati
895 3748 948 3782 aux
971 3734 1157 3797 predications
1178 3734 1262 3784 d'An·

195 3813 286 3871 loine;
305 3812 469 3862 c'esl-a-dire
485 3812 554 3862 dans
573 3814 597 3861 ic
614 3813 738 3875 cirapitrc
754 3826 758 3859 :
774 3811 813 3861 lie
826 3812 966 3863 decorione
979 3815 1074 3879 pepuli
1088 3815 1220 3865 Pnduoni
1233 3819 1260 3864 et

193 3893 285 3953 [ructu
295 3891 502 3956 predicationis
514 3894 572 3954 eiua
583 3893 643 3955 (lis.
659 3893 737 3942 Paris
754 3906 759 3940 ε
777 3893 816 3942 De
825 3896 933 3956 [errore
945 3894 1115 3945 audientium
1126 3894 1260 3958 pradica-

195 3971 295 4019 tionem
312 3972 419 4035 ipsius),
436 3977 519 4022 avant
536 3973 562 4021 ln
579 3974 678 4037 phrase
694 3973 861 4022 stationaria·
880 3988 993 4038 quoque.
1014 3977 1057 4035 (V.
1072 3989 1174 4039 supra:
1192 3977 1257 4042 teg.

192 4050 293 4114 primu,
311 4054 348 4110 itt,
366 4062 392 4099 nn
407 4055 442 4110 8.)
