2934 4822
387 379 416 425 s,
443 379 587 425 ananau
613 378 774 425 neesson
799 379 919 440 eatan,
945 360 967 425 6
1163 361 1206 426 33

183 772 217 831 6.
234 773 420 844 Quomodo
436 773 507 833 ivit
521 773 778 834 Morooehium
794 775 832 832 et
847 775 893 832 de
907 773 1032 833 reditu
1048 772 1131 844 eius
1144 779 1169 829 ἃ.

191 1085 220 1148 1.
243 1080 379 1148 Sensim
395 1079 408 1123 ὸ
428 1080 535 1170 igitur
555 1090 589 1148 et
604 1093 617 1122 ⁶
630 1103 691 1170 pen
705 1079 916 1147 incrementa
932 1079 1025 1146 zelus
1040 1078 1119 1146 fidei
1135 1102 1211 1146 eum

143 1187 276 1255 enixius
310 1187 519 1278 perurgebat
548 1197 581 1254 et
610 1187 764 1278 martyrii
790 1187 867 1254 sitis
896 1187 931 1253 in
962 1185 1064 1253 eorde
1092 1186 1211 1254 illiusd

144 1308 315 1361 aceensae
335 1294 509 1385 quiescere
520 1317 596 1360 eum
608 1294 801 1361 nullatenus
812 1293 1043 1384 permittebat.
1061 1296 1094 1360 2.
1111 1293 1210 1362 Unde

143 1402 270 1469 sactum
290 1411 412 1479 estut,
435 1401 533 1490 juxta
553 1401 761 1490 promissum
781 1400 861 1468 deta
884 1401 949 1468 sibi
968 1400 1119 1479 lieentia,
1140 1409 1211 1467 ten·

144 1508 248 1575 rams
263 1509 529 1576 Sarracenorum
544 1508 690 1575 festinus
706 1507 817 1596 adiret
831 1509 854 1575 ¹.
876 1511 909 1576 3.
937 1506 1003 1575 Sed
1025 1530 1100 1598 quae
1131 1517 1211 1574 sunt

144 1615 290 1681 hominis
311 1637 525 1705 cognoscens
548 1614 750 1682 ditissimus
775 1614 810 1681 in
831 1614 952 1682 faeiem
973 1614 1003 1681 ei
1024 1613 1152 1681 restitit
1171 1636 1211 1680 ae

143 1722 345 1788 intentato&
372 1721 472 1811 gravi
504 1721 634 1800 morbo,
665 1745 725 1811 per
754 1731 862 1790 totum
896 1721 1018 1788 hiemis
1047 1720 1208 1810 spatium,

143 1829 256 1895 aerius
273 1827 473 1919 flagellavit.
496 1830 527 1894 4.
548 1828 670 1919 Sicque
694 1828 820 1896 sactum
840 1827 923 1895 eset
942 1837 992 1908 ut,
1018 1827 1141 1918 quumi
1169 1827 1211 1894 de

143 1935 320 2025 proposito
340 1934 423 2002 suot'
451 1934 534 2002 nihil
550 1959 714 2026 prospere
729 1945 842 2002 aetum
858 1945 1023 2013 cerneret,
1040 1958 1102 2024 pro
1118 1957 1209 2000 reeu-

142 2042 293 2132 peeaada
307 2042 428 2109 saitem
441 2041 595 2133 eorporis
616 2042 764 2109 sanitate
779 2042 794 2084 '¹
814 2042 857 2109 ed
873 2041 985 2108 natale
1000 2041 1110 2108 solum
1124 2063 1210 2107 eom·

143 2148 264 2238 pulsus
283 2158 450 2216 remearet
468 2147 488 2216 ³.
511 2153 543 2216 5.
566 2148 646 2235 Qui,
668 2172 771 2239 quum
798 2147 994 2239 navigando
1021 2147 1056 2214 in
1084 2146 1210 2214 finibus

146 2255 321 2346 Hispaniae
352 2255 524 2346 applicare
554 2255 764 2346 disponeret.
794 2254 830 2321 in
857 2254 1021 2322 siciliam
1053 2254 1210 2344 partibus

143 2373 323 2431 ventorum
343 2362 444 2453 pulsu
461 2386 499 2429 se
513 2362 664 2452 positum
684 2361 846 2430 cernebat
859 2363 884 2431 ².

171 2626 193 2658 a.
208 2613 274 2657 Paris
289 2612 402 2666 Qualiter
413 2613 545 2669 affectabat
564 2614 727 2669 martyriam.
742 2636 768 2647 -
781 2613 802 2658 b.
816 2614 868 2658 Ale.
881 2613 922 2658 286
942 2623 1055 2657 aeneam.
1066 2634 1093 2646 -
1106 2623 1128 2656 c.
1146 2612 1212 2657 Porio

143 2698 188 2730 om.
204 2689 235 2729 et.
246 2707 273 2718 —
282 2684 307 2729 d.
319 2685 386 2728 Paris
399 2685 489 2740 ipsius.
503 2706 528 2718 -
540 2696 561 2729 e.
574 2685 799 2730 parisiacense·
812 2685 830 2740 s.
843 2685 899 2729 Luc.
912 2685 946 2728 ad
959 2688 1060 2729 temam.
1071 2707 1098 2716 -
1113 2697 1137 2740 9.
1154 2683 1211 2728 Lac.

143 2756 248 2801 intento.
262 2779 288 2789 -
301 2757 325 2801 n.
334 2757 386 2800 Alc.
396 2758 489 2802 tidem.
501 2759 546 2801 eet.
564 2779 590 2789 -
602 2757 617 2800 i.
628 2757 680 2800 Aio.
692 2759 733 2802 286
745 2755 869 2811 eum-j.
884 2756 951 2800 Pario
960 2768 1005 2799 om.
1018 2767 1073 2800 ouo.
1082 2778 1108 2788 -
1119 2756 1142 2799 h.
1154 2755 1212 2800 Luc.

140 2841 189 2884 pro
207 2829 382 2884 recuperanda
396 2828 609 2884 solutecorporie.
629 2850 655 2861 -
677 2828 693 2872 i.
711 2827 778 2881 bue,
790 2828 847 2872 Pae.
865 2827 1013 2884 compulsus
1035 2830 1072 2871 eet
1091 2838 1212 2871 remeare.

143 2920 171 2931 -
185 2910 219 2943 m.
232 2899 284 2943 Aio.
297 2901 338 2945 286
348 2899 450 2944 Ciliciae.
464 2899 531 2943 Poris
544 2899 646 2945 ciciliae.

177 3109 200 3154 1.
215 3105 253 3155 Le
266 3105 389 3155 novicio!
403 3107 471 3156 eieit
484 3106 612 3156 encorea
629 3119 681 3170 peu
697 3107 761 3170 pres
775 3107 892 3155 inconnu
904 3104 973 3155 dans
986 3105 1014 3155 la
1025 3105 1127 3155 iamiiie
1138 3105 1213 3154 iran-

145 3187 267 3235 eiseaine
284 3199 289 3232 :
306 3185 323 3234 ii
340 3186 426 3235 nolui
443 3185 483 3235 iut
498 3187 603 3250 impose
619 3187 803 3250 precisement
821 3199 875 3250 que
892 3189 963 3236 cette
978 3188 1065 3236 annee
1082 3185 1118 3245 ia,
1133 3186 1213 3236 o'est·

146 3265 233 3316 edire
258 3279 291 3315 en
316 3269 386 3327 1220,
410 3279 461 3330 par
482 3266 509 3315 la
532 3265 607 3315 bullo
632 3268 699 3315 Cam
720 3266 870 3315 sei-anitum
892 3265 1059 3316 d'Honorius
1081 3266 1129 3316 111.
1148 3267 1213 3330 (Ap.

148 3346 304 3405 Ponrnasn,
320 3347 384 3412 lteg.
406 3346 484 3396 Pont.
501 3345 586 3407 Item„
610 3357 637 3395 n·
651 3349 758 3410 6361,ρ.
775 3352 829 3396 555.
846 3346 947 3407 Berlin,
961 3348 1035 3407 teiln
1053 3346 1213 3407 sennense,

147 3430 167 3476 t.
184 3427 205 3481 1.
219 3440 245 3490 p.
261 3432 292 3485 ὓς
309 3427 465 3485 winone,
481 3440 525 3475 an.
542 3428 623 3489 1220).

179 3510 201 3555 2.
223 3507 274 3556 Les
287 3506 448 3556 documenta
463 3507 592 3570 primitiis
613 3520 646 3557 ne
666 3521 735 3556 noas
753 3507 845 3557 disent
864 3508 923 3556 rien
944 3506 978 3557 de
993 3506 1056 3571 pius
1072 3506 1107 3556 du
1124 3509 1215 3568 sejour

147 3586 295 3636 d'Antoine
317 3601 350 3635 en
376 3587 467 3636 Sicile.
485 3586 538 3636 Les
552 3589 689 3637 ecrivains
704 3587 850 3637 modernos
864 3590 912 3636 ont
926 3589 1023 3650 essaye
1038 3586 1071 3636 de
1085 3587 1216 3651 suppteer

148 3670 211 3717 ace
226 3666 328 3717 silence
350 3680 401 3731 per
422 3666 472 3715 des
496 3666 595 3716 ‹letaiis
620 3667 811 3731 imogi‘noires.
829 3668 944 3732 li’apres
962 3667 1096 3727 Paeheco,
1112 3671 1216 3717 notoni·

149 3747 554 3811 ment‚quiecrivaitauXV11·
567 3747 659 3808 siecle,
669 3748 693 3797 le
702 3749 775 3797 saint
786 3749 871 3797 serait
879 3746 1020 3812 debetque
1029 3749 1044 3796 ai
1057 3747 1215 3807 Toormina,

147 3828 364 3884 onTavernera,
386 3831 412 3877 et
437 3841 451 3890 y
475 3828 567 3877 aureit
591 3830 678 3878 meane
701 3831 837 3889 sejourne.
861 3828 882 3878 il
906 3843 920 3891 y
942 3828 1034 3877 aurait
1055 3828 1148 3891 pionte
1167 3827 1216 3877 des

148 3911 245 3972 cypris
260 3914 286 3958 ei
302 3908 351 3958 des
366 3909 540 3967 sidonianis
559 3922 613 3973 que
634 3907 687 3957 i'on
704 3910 834 3958 inontrait
849 3922 948 3958 encore
963 3908 998 3957 du
1015 3910 1110 3957 vivant
1125 3907 1159 3957 de
1175 3910 1218 3957 cet

148 3993 248 4039 auteur
260 3993 285 4038 et
302 3989 348 4053 qni
364 3987 574 4038 natureiiement
585 3991 727 4053 passaient
740 4002 809 4052 pour
820 3990 912 4050 guerit
924 3989 1059 4038 certaines
1074 3987 1216 4037 anaiadies.

148 4069 306 4129 (Pinnem,
329 4067 453 4133 Epitome
472 4067 505 4118 de
523 4069 551 4117 to
572 4068 669 4118 aecta...
690 4068 722 4117 de
741 4067 769 4118 S.
786 4068 858 4125 Ant..
886 4068 1218 4131 lisbonne,1eee).tiais

148 4149 286 4200 l'autorite
302 4147 335 4198 de
359 4148 484 4199 Pactieeo
503 4151 546 4198 est
566 4149 760 4213 eritiqaenient
780 4148 853 4197 nuile
877 4151 914 4205 et,
936 4162 987 4213 par
1009 4148 1130 4208 aiiieurs‚
1147 4151 1218 4198 cette

145 4228 298 4295 ordiendae
314 4228 445 4279 tradition
460 4228 570 4279 devient
591 4227 625 4278 de
645 4230 707 4293 pius
726 4242 760 4278 en
777 4229 840 4292 pius
862 4231 1000 4293 suspecte,
1016 4227 1111 4293 quand
1134 4242 1169 4277 on
1191 4227 1218 4278 ia

1165 4343 1178 4388 ³
