2934 4822
438 380 467 426 s.
494 378 639 425 euronii
663 378 824 426 caesnas
850 379 971 440 earnis,
998 361 1017 427 7
1220 361 1262 428 37

240 522 273 589 8.
296 519 430 610 Λάερὶο
451 518 596 608 denique
615 518 740 610 quietis
760 519 846 597 loco,
873 518 984 586 soluto
1009 518 1159 609 quotidie
1180 519 1264 587 hora

197 626 389 694 matutinali
408 626 556 716 capitulo
572 640 601 706 α,
625 650 747 693 servus
769 625 831 693 Dei
852 625 1048 693 :latoniusi
1075 626 1117 693 ad
1138 625 1263 693 dictam
1341 684 1350 705 ,

197 733 316 801 cellam
327 732 484 817 secessit,
500 743 745 823 assumptaque
757 731 888 799 modica
897 731 996 822 panis
1008 732 1223 823 portiuncula
1235 745 1261 813 ⁶,

195 864 260 907 vas
282 864 378 930 aquic
407 862 520 906 secum
540 838 618 907 tulit
632 839 661 906 d.
691 843 723 906 9.
747 839 869 929 Sicque
896 862 1032 906 carnem
1053 838 1183 906 servire
1207 863 1264 907 co-

197 960 314 1038 gens*
334 946 482 1036 spiritui,
506 945 695 1013 solitariam
715 945 888 1036 transegit
907 944 1008 1022 diem,
1029 946 1127 1035 juxta
1148 956 1262 1014 tamen

198 1077 305 1121 sacrae
324 1052 578 1121 observationis
601 1062 730 1120 statuta
752 1052 975 1120 collationiss
993 1076 1128 1144 semper
1147 1076 1264 1121 rever-

197 1161 335 1228 tebatur
350 1160 393 1227 ad
414 1160 543 1227 horam.

245 1270 296 1335 10.
319 1270 395 1334 Non
410 1266 514 1333 semei
529 1277 673 1334 autem&
692 1290 808 1356 quum,
829 1277 973 1334 vocante
993 1289 1069 1333 eum
1083 1290 1261 1357 campana,

197 1373 241 1442 ad
263 1374 388 1441 iratres
409 1373 518 1440 redire
535 1372 744 1463 disponeret,
766 1372 982 1440 coniectuml
1005 1373 1156 1463 uigiliisi
1188 1396 1263 1441 cor-

197 1505 262 1572 pus
284 1492 318 1548 et
337 1479 546 1548 abstinentia
572 1490 780 1548 maceratum
805 1479 967 1548 nutaniei
995 1480 1145 1571 vestigio
1169 1481 1264 1549 labe-

198 1589 288 1656 facta
308 1587 460 1654 membra
482 1586 759 1677 pracipitabatl.
785 1590 837 1654 ll.
862 1589 911 1654 lta
933 1587 1066 1654 demum
1091 1587 1263 1655 maxillam

198 1694 312 1763 carnis
325 1693 542 1762 abstinentiae
554 1694 648 1761 lreno
661 1694 864 1784 quandoque
880 1693 1132 1761 constrinxerat
1146 1704 1184 1762 ut
1197 1718 1263 1761 non

198 1801 264 1869 nisi
286 1825 306 1868 a
328 1800 492 1868 iratribus
515 1811 750 1891 supportatus,
773 1800 849 1891 ipso
873 1810 961 1868 teste
977 1801 1035 1892 qui
1055 1801 1164 1884 aiiuit,
1181 1802 1263 1870 ulla·

197 1909 318 1976 tenusl
346 1907 457 1975 redire
472 1907 701 1999 potuissetri.

224 2128 247 2159 a.
259 2115 326 2160 Paris
346 2116 428 2159 soluto
446 2114 559 2170 quotidie
576 2114 723 2159 matutinali
746 2114 909 2170 officio-b.
928 2115 995 2159 Paris
1014 2128 1059 2160 om.
1079 2115 1215 2160 Antonius.
1237 2141 1264 2150 -

198 2198 219 2230 c.
241 2186 307 2230 Paris
322 2185 458 2242 particula.
471 2208 496 2220 -
512 2186 536 2230 d.
554 2186 621 2229 Paris
635 2186 732 2232 detulit.
744 2209 773 2220 -
786 2185 821 2229 Le
836 2199 879 2230 ms.
896 2187 951 2231 Pad.
967 2187 992 2231 tl
1007 2186 1124 2242 supprime
1141 2188 1163 2230 la
1182 2189 1264 2242 phrase

198 2258 296 2313 Adepto
309 2257 442 2312 denique...
452 2268 541 2301 secum
556 2256 613 2302 tulit
625 2267 647 2301 et
660 2258 796 2312 ysubsiitue
814 2259 835 2300 la
851 2258 936 2311 longua
953 2258 1113 2313 interpolation
1127 2270 1170 2312 que
1189 2259 1264 2302 voici:

198 2329 274 2379 Nam,
289 2329 347 2374 licet
361 2329 482 2373 orationis
497 2331 519 2372 et
534 2329 673 2373 devotionis
688 2329 770 2385 pratia
783 2330 815 2372 art
827 2328 917 2373 cellam
935 2329 1005 2372 illam
1022 2330 1135 2384 nilotidis
1150 2334 1265 2386 perperat

198 2405 221 2446 et
231 2404 353 2450 maneret.
364 2400 439 2457 panis
449 2400 641 2456 portiunculam
651 2403 694 2445 aut
704 2412 749 2444 uas
761 2412 832 2455 aquse
845 2411 931 2444 seciam
940 2400 1046 2444 minime
1056 2401 1181 2456 deserebat
1191 2416 1198 2454 ;
1210 2404 1264 2453 sed,

198 2485 257 2517 mos
275 2472 363 2517 audita
384 2471 550 2526 campanella.
571 2473 632 2516 liora
648 2471 795 2515 comedendi
810 2472 974 2516 descendebat
994 2475 1017 2516 et
1035 2472 1114 2516 simut
1132 2485 1192 2517 cum
1206 2474 1264 2518 aliia

196 2544 377 2589 discumbebat.
393 2544 589 2597 Interamnam
603 2542 718 2586 notitiam
728 2544 779 2586 tam
792 2543 1014 2598 puardianiqnam
1029 2543 1138 2588 aliorum
1154 2545 1265 2599 fratrum

197 2628 228 2660 ex
238 2615 339 2660 modica
354 2614 475 2670 temporis
490 2614 679 2659 conversatione
694 2614 879 2669 aliquantulam
893 2615 1029 2669 habuisset,
1038 2626 1116 2670 (panna
1132 2615 1195 2660 alios
1209 2616 1264 2671 sra-

198 2690 248 2731 tres
257 2689 348 2743 prester
360 2686 484 2730 orationis
498 2685 613 2729 studium
627 2685 721 2730 oirlcret
737 2686 866 2730 interdum
880 2686 987 2731 diversis
1003 2686 1154 2731 utilitatibus
1168 2690 1191 2732 et
1206 2688 1264 2743 osii-

198 2758 246 2802 eiis
262 2769 394 2813 occupare,
410 2758 484 2813 coepit
501 2756 568 2800 intra
584 2769 611 2803 se
629 2757 725 2800 amaris
739 2757 849 2812 copitare
872 2757 1033 2813 sinputtibns,
1048 2757 1116 2803 uelut
1135 2759 1264 2803 bominem

199 2830 314 2873 inutilem
331 2832 353 2873 et
366 2841 432 2884 pane
446 2840 495 2883 qno
506 2828 654 2873 vescebatur
664 2828 798 2882 inclipnnm
810 2841 837 2871 se
850 2831 979 2884 reputans,
995 2832 1081 2885 utpote
1095 2830 1140 2884 qui
1154 2830 1265 2874 aliorum

199 2900 334 2957 recipiebat
353 2900 473 2955 obsequia
491 2904 515 2943 et
535 2899 601 2943 nihil
624 2900 768 2944 communis
787 2900 906 2944 utilitatis
925 2901 1008 2956 [acere
1024 2901 1164 2954 videbatur,
1181 2905 1207 2945 nt
1226 2902 1264 2947 sic

198 2975 330 3029 appareret
342 2972 410 3027 quod
421 2983 470 3015 non
483 2972 590 3016 venisset
606 2971 752 3014 rninmtrare
763 2972 808 3015 sed
820 2972 906 3027 potius
917 2971 1067 3016 nriiiistrari.
1079 2973 1117 3017 Es
1127 2974 1174 3018 boc
1187 2973 1266 3028 ipitur

199 3043 303 3088 humilis
316 3043 411 3088 Christi
420 3055 517 3095 semus,
527 3043 636 3087 humilia
646 3054 759 3097 quarens
772 3043 899 3098 obsequia,
912 3045 944 3087 ad
954 3044 1125 3098 picardianum
1133 3056 1209 3089 sunm
1220 3046 1264 3090 brt·

200 3115 268 3160 milis
280 3117 303 3158 et
312 3115 420 3170 supplex
432 3115 545 3167 accessit,
557 3127 586 3158 ac
601 3115 673 3169 flexis
683 3114 788 3169 penibus
797 3115 912 3170 poposcit
927 3118 953 3159 ut
963 3115 1131 3160 lavandarum
1143 3117 1264 3161 scutella·

199 3199 257 3233 rum
270 3191 344 3241 atque
360 3187 499 3242 purpaudae
511 3199 555 3230 seu
569 3187 702 3242 scopendo
717 3187 808 3229 dorrrus
827 3186 875 3230 sibi
891 3187 977 3241 officia
996 3187 1114 3232 tribueret
1132 3189 1163 3232 <ie
1182 3190 1264 3242 pratia

199 3259 311 3315 speciali.
330 3258 378 3312 Qui
394 3269 474 3313 aurun
494 3257 649 3309 obtinuisset,
664 3258 731 3300 mira
751 3257 881 3301 devotione
898 3269 927 3302 ac
944 3260 1033 3303 deuota
1049 3259 1220 3304 sollicitudine
1238 3260 1264 3304 id

196 3329 293 3386 iupiter
301 3328 510 3383 faciebatsicque
522 3329 639 3372 laborans
650 3340 743 3385 panem
755 3341 832 3372 suum
842 3340 899 3372 cum
913 3329 1010 3373 meliori
1025 3329 1180 3374 conscientia
1189 3341 1264 3374 man-

199 3401 323 3453 ducabam
338 3411 439 3456 semper
451 3404 542 3451 tamen,
556 3400 667 3455 peractis
683 3399 818 3454 dilipeuter
835 3399 935 3454 officiis,
952 3401 983 3444 ad
999 3400 1088 3444 cellam
1103 3412 1176 3445 snam
1192 3405 1215 3446 et
1232 3403 1264 3446 art

200 3472 418 3528 contemplationis
430 3472 545 3515 studium
560 3470 693 3514 remeabat.
707 3492 735 3503 -
748 3483 768 3514 e.
785 3471 837 3514 Alc.
848 3472 888 3516 aas
898 3483 981 3525 opens.
994 3471 1061 3515 Paris
1072 3484 1162 3526 capena
1169 3472 1265 3516 servire

199 3566 225 3576 -
242 3544 259 3599 s.
277 3544 328 3587 Alc.
341 3544 381 3587 iss
396 3553 417 3586 et
432 3543 485 3586 Alc.
502 3544 542 3587 ‘itis
560 3555 605 3586 orn.
623 3541 773 3585 collationis.
783 3565 809 3573 -
819 3554 842 3596 p.
856 3542 908 3586 Alc.
920 3543 968 3594 tao.
984 3543 1036 3586 Alc.
1051 3545 1100 3595 tus,
1116 3542 1181 3595 ma,
1198 3543 1266 3588 Paris

199 3627 258 3659 nam
277 3615 355 3660 semel
369 3615 408 3670 qui
429 3623 465 3657 eu
479 3613 565 3656 errant.
583 3636 609 3645 -
628 3615 651 3657 li.
671 3614 725 3657 Alc.
748 3614 787 3658 ί286
805 3614 931 3668 allectum.
949 3636 975 3646 -
994 3614 1009 3658 i.
1028 3614 1094 3657 Paris
1107 3613 1222 3669 ieiuniis.
1239 3638 1265 3648 -

195 3685 216 3742 j.
228 3687 280 3730 Alc.
289 3686 330 3733 286
341 3686 468 3730 imicante.
481 3707 508 3718 -
517 3685 539 3729 lr.
550 3685 616 3728 l‘aris
628 3685 802 3741 precipitavit.
813 3709 839 3717 -
849 3687 865 3729 l.
877 3685 944 3729 Paris
957 3686 1110 3731 nirltatenus.
1119 3709 1145 3718 -
1153 3698 1188 3732 m.
1199 3687 1266 3730 Paris

197 3761 291 3814 posset.

199 3914 248 3950 sou
271 3899 375 3950 edition
400 3901 435 3950 du
461 3900 615 3965 Speculum,
640 3915 666 3965 p.
691 3906 729 3961 25,
755 3904 818 3951 note
844 3905 865 3961 t,
890 3915 937 3951 sur
960 3901 1000 3951 les
1024 3902 1265 3954 transformations

199 3982 370 4031 successivcs
385 3984 412 4031 et
427 3980 466 4030 les
477 3980 601 4030 diversos
612 3983 765 4042 categorias
779 3980 827 4030 des
837 3981 1061 4032 etablisscmeuts
1075 3982 1264 4045 franciscains,

199 4060 301 4110 durant
314 4061 341 4110 la
357 4061 491 4125 premiere
507 4063 599 4111 mellic
613 4062 649 4110 du
663 4063 739 4111 xllr
752 4062 843 4111 siecle.

230 4144 253 4190 1.
273 4141 328 4191 Sur
342 4140 366 4190 le
381 4154 465 4204 genre
480 4141 513 4191 de
529 4143 571 4191 rie
586 4143 752 4205 qu'Antoine
768 4144 869 4191 menait
886 4141 956 4191 daus
971 4156 1002 4192 sn
1022 4146 1111 4205 grotta
1126 4143 1160 4193 de
1173 4145 1265 4197 Monte

200 4220 296 4283 Panlo,
317 4221 343 4272 le
362 4221 411 4272 bis.
428 4221 497 4271 Pad.
520 4226 558 4283 it,
579 4235 629 4286 par
647 4221 784 4285 plusieurs
801 4222 1022 4287 interpolatiouS,
1041 4225 1181 4288 introduit,
1197 4240 1233 4277 on
1248 4240 1265 4275 a
