2934 4822
200 365 266 435 212
378 388 408 433 s.
434 385 578 432 iurouu
603 386 764 434 LEGENDA
790 393 806 428 a
833 385 1081 433 assicamus»

703 765 760 866 Gi

246 1083 276 1148 1.
305 1079 367 1165 lbi,
404 1079 458 1147 die
492 1091 672 1169 noctuque,
711 1078 924 1147 orationibus
959 1078 1105 1145 vacabat
1138 1077 1173 1145 in
1209 1078 1269 1145 ilia

200 1186 296 1264 cella,
328 1210 416 1253 nune
449 1185 672 1277 supplicando
701 1186 803 1277 patri,
831 1209 919 1252 nunc
942 1184 1191 1275 interpellando
1215 1185 1267 1274 ju·

200 1292 279 1379 diei,
301 1303 421 1384 postea
444 1292 666 1384 colloquendo
686 1293 807 1378 amice,
834 1315 873 1358 ac
898 1291 1000 1359 etiam
1025 1315 1085 1381 pro
1110 1302 1268 1381 peccato·

201 1400 295 1467 ribus
311 1410 345 1467 et
359 1400 531 1467 universis
552 1399 683 1468 Christi
703 1399 859 1466 fidelibus
875 1398 1061 1466 instantius
1077 1397 1265 1465 exorando.

200 1510 232 1575 2.
257 1506 307 1573 lbi
333 1529 452 1597 nempe
475 1507 573 1574 visus
603 1517 657 1573 est
686 1505 834 1573 insultus
864 1515 896 1572 et
928 1504 1166 1572 infestationes
1200 1504 1267 1571 ‹ltr-

200 1636 336 1681 monum
363 1613 559 1681 multotiens
588 1613 732 1704 perpeti,
760 1612 817 1703 qui
845 1610 1067 1679 intendebant
1099 1634 1177 1678 eum
1205 1635 1269 1702 pro

200 1743 302 1810 posse
341 1744 360 1787 a
390 1731 509 1788 sancto
538 1719 703 1788 orationis
733 1719 846 1788 studio
874 1718 1086 1809 perturbare.

704 2103 767 2200 ,p

247 2450 275 2514 1.
303 2447 539 2516 Guardianum
560 2471 679 2538 nempe
703 2471 801 2515 snum
826 2448 968 2539 supplex
989 2447 1121 2516 adierat
1144 2459 1180 2516 et
1204 2472 1267 2540 pro

200 2578 325 2643 magna
352 2555 465 2644 gratia
490 2554 555 2621 sibi
583 2566 799 2646 poposcerat,
825 2555 916 2645 quia,
944 2565 981 2621 ut
1007 2555 1190 2639 fatebatur,
1221 2556 1266 2622 ad

200 2660 282 2727 nihil
316 2661 406 2727 aliud
435 2662 606 2750 proficuus
636 2672 709 2729 erat
729 2662 795 2729 nisi
828 2685 889 2751 pro
923 2661 1080 2729 lavandis
1109 2663 1267 2753 coquinae

197 2767 405 2834 utensilibus
434 2778 468 2834 et
505 2769 689 2859 scopaudis
723 2768 865 2835 fratrum
908 2768 1059 2858 quotidie
1090 2767 1264 2847 domibus

198 2885 298 2963 prout
331 2874 478 2941 iaciebat
502 2874 673 2941 humiliter
693 2885 726 2941 et
750 2876 884 2952 devote,
920 2898 1023 2965 quum
1050 2875 1085 2941 in
1117 2875 1267 2943 veritate

199 2981 284 3046 soret
303 3004 367 3047 vas
387 2981 530 3047 electum
557 2991 590 3048 et
618 2981 728 3048 sancti
758 2982 905 3072 Spiritus
934 2981 1046 3072 gratia
1067 2981 1266 3048 multimode

199 3086 412 3153 adornatum.
449 3091 480 3154 2.
517 3091 632 3177 Neque
666 3088 754 3154 enim
786 3098 992 3177 putaverant
1026 3089 1151 3155 iratres
1187 3112 1266 3156 eum

198 3193 381 3284 quidquam
403 3193 444 3260 de
465 3194 644 3283 scripturis
664 3218 766 3261 nosse
786 3195 925 3274 divinis,
944 3195 1006 3262 hoc
1026 3206 1157 3262 tantum
1179 3219 1265 3285 prae·

199 3300 402 3390 sumptionis
443 3299 608 3390 suffragio
643 3299 852 3369 consulentes
891 3302 981 3392 quod
1017 3302 1146 3369 scilieet
1184 3326 1265 3370 raro

231 3588 252 3633 1.
271 3585 389 3649 ludique
405 3599 510 3635 comme
526 3584 726 3648 s'adaptantau
742 3587 829 3635 menie
844 3587 968 3650 chapitre
986 3586 1019 3635 de
1037 3587 1063 3634 la
1077 3585 1193 3650 legendo
1207 3588 1266 3651 pri·

196 3678 239 3713 mu
250 3679 259 3712 .·
280 3665 417 3730 Quomodo
433 3665 507 3714 'veuit
521 3665 710 3715 Itomom'otom
726 3669 752 3715 ct
771 3667 891 3728 qualiter·
905 3666 1005 3716 ibidem
1028 3666 1107 3726 eicit,
1123 3667 1206 3730 apres
1221 3667 1264 3717 les

196 3745 386 3807 paragraphes
406 3746 453 3808 qui
471 3759 541 3794 nous
563 3748 699 3794 montrent
717 3747 836 3794 Antoine
856 3747 960 3798 vivant.
981 3759 1014 3794 eu
1037 3744 1108 3794 demi
1127 3745 1264 3808 solitaire,

196 3824 222 3872 iu
239 3829 336 3888 crypta
352 3825 481 3888 qrmctom.
499 3826 541 3887 (V.
559 3839 657 3888 supra:
675 3825 738 3889 teg.
752 3826 852 3889 primu,
869 3830 891 3883 7,
909 3835 945 3874 ιν·
960 3827 1020 3887 6-8.)

225 3907 247 3951 2.
267 3904 303 3952 Le
317 3904 452 3965 fragment
467 3906 488 3952 u
512 3919 541 3954 se
557 3908 687 3968 rapporte
712 3919 747 3953 au
772 3906 896 3968 etrapitre
918 3905 952 3954 de
975 3905 1000 3954 la
1017 3905 1133 3968 tegenda
1146 3907 1263 3970 primo:

195 3983 319 4047 (ritaliter
329 3986 445 4033 scientia
457 3985 533 4033 illins
547 3986 684 4047 [ratribus
698 3985 825 4043 innotuit,
835 3987 895 4047 (tls.
907 3986 985 4034 Paris
997 3999 1002 4033 :
1015 3987 1053 4036 De
1063 3986 1154 4051 primo
1163 3987 1265 4050 practi-

194 4064 393 4126 rationarius).
413 4065 433 4113 ΙΙ
450 4068 491 4114 est
503 4068 617 4128 marque
633 4079 738 4114 comme
754 4064 855 4114 devant
870 4079 899 4114 se
916 4066 964 4114 tire
976 4068 1057 4130 apres
1073 4068 1112 4116 tes
1126 4080 1264 4130 passages

194 4144 240 4204 qui
256 4143 372 4192 relatent
390 4148 526 4193 continent
544 4146 568 4193 le
584 4147 657 4194 saint
672 4149 748 4207 reeut
770 4146 867 4194 t'orrlre
892 4145 925 4195 de
952 4148 1067 4210 praelier
1091 4147 1194 4196 devant
1219 4147 1263 4197 les

193 4222 344 4272 ordinanda
358 4225 449 4273 reunts
464 4225 479 4273 a
496 4226 577 4275 Forlt.
593 4225 636 4287 (Υ.
649 4238 751 4289 supra:
766 4225 831 4290 Leg.
842 4226 944 4290 primu,
961 4230 984 4285 8,
998 4236 1035 4275 n0·
1052 4229 1109 4290 ta).
