2934 4822
427 373 459 420 s.
487 373 632 420 nurouu
655 374 816 420 insnum
841 374 962 435 nurui,
988 355 1031 422 23
1219 352 1261 423 67

197 538 317 606 pensa,
352 520 461 582 totum
489 513 680 582 allectionis
714 524 747 581 et
778 513 863 581 nihil
896 512 1041 581 rationis
1069 513 1259 603 imponunt.

198 625 334 701 Fateor,
362 621 470 688 zelum
492 621 582 689 Dei‘1
614 621 749 713 quidem
770 621 936 698 habent⁶‚
965 620 1113 688 sednon
1141 644 1262 688 secun-

197 728 276 796 dum
297 729 487 796 scientiam.
506 731 539 796 6.
568 731 703 795 Nostree
719 727 830 795 enim⁶
855 727 1135 827 congregationis
1155 726 1262 795 frater

197 835 354 903 exstititd
380 846 414 904 et
453 834 649 902 videntibus
687 834 795 902 oculis
822 858 951 915 eorum,
985 834 1016 901 si
1044 833 1262 900 dissimulare

197 942 328 1021 uolunt,
355 942 490 1010 intrans
515 952 550 1009 et
570 942 686 1009 exiens
711 942 889 1009 nobiscum
908 941 1059 1021 mansit3
1081 951 1262 1032 propterea

197 1061 231 1119 et
264 1073 326 1117 nos
354 1049 626 1117 commendatum
648 1048 866 1139 requirimus,
897 1072 1009 1139 quem,
1038 1047 1117 1114 dum
1152 1046 1263 1114 adhuc

196 1157 342 1236 viveret,
372 1157 556 1246 sepulturae
579 1156 690 1223 locum
715 1167 843 1223 sanctae
865 1155 927 1223 Dei
948 1154 1125 1245 genitricis
1156 1155 1262 1222 eccle·

198 1264 284 1332 siam
308 1286 379 1353 pree
400 1263 533 1331 caeteris
558 1262 706 1353 elegisse
733 1285 800 1329 non
820 1261 1029 1330 dubitamus.
1054 1264 1087 1329 7.
1110 1261 1209 1349 Quod
1231 1261 1261 1329 si

197 1370 284 1438 forte
313 1393 388 1437 eum
408 1393 476 1437 non
502 1383 631 1460 posse⁶
652 1369 861 1459 sepulturam
887 1368 1015 1459 eligere
1042 1367 1259 1449 contenditis,

198 1501 238 1545 eo
258 1477 388 1545 scilicet
415 1475 506 1567 quod
525 1476 612 1543 velle
631 1475 775 1568 ligatum
801 1475 991 1543 habuerits
1010 1474 1156 1542 vinculis
1181 1474 1263 1542 obe-

197 1583 334 1652 dieutiee
361 1582 537 1668 salutaris,
567 1582 633 1663 cui,
665 1582 850 1673 inquimus,
885 1582 950 1649 nisi
980 1582 1149 1672 superiori
1187 1582 1262 1672 ejus

197 1701 403 1781 potestatem
424 1690 511 1757 hanc
531 1700 564 1756 et
583 1689 759 1757 electionis
778 1689 970 1757 libertatem
991 1689 1162 1757 reservari
1174 1689 1262 1779 judi·

198 1798 312 1866 eatis?
330 1801 363 1867 8.
396 1797 542 1888 Ideoque
568 1806 601 1863 et
620 1819 696 1874 nos,
722 1796 779 1887 qui
808 1796 887 1863 lieet
910 1795 1044 1888 indigni
1076 1796 1263 1886 superioris

196 1905 270 1972 vice
300 1905 487 1997 fungimur,
518 1904 591 1971 dari
624 1904 722 1970 nobis
742 1903 941 1994 suppliciter
960 1903 1133 1994 poscimus
1159 1903 1261 1994 quod,

193 2012 282 2102 juris
298 2012 417 2080 ordine
438 2022 500 2079 ets
518 2011 653 2079 oculata
673 2010 818 2091 ratione,
839 2009 993 2078 debetur.

242 2122 275 2186 9.
299 2119 491 2209 Episcopus
521 2118 669 2209 igitur'*‚
700 2117 849 2185 auditisr‘
867 2127 1089 2208 utrorumque
1120 2117 1263 2185 rationi·

198 2226 275 2305 bus,
297 2225 472 2293 definitiva
493 2225 664 2292 sententia
685 2224 805 2292 statuit
820 2235 858 2292 ut
872 2248 933 2314 pro
949 2224 1125 2292 voluntate
1145 2224 1262 2292 minis·

197 2333 242 2401 tri
257 2333 419 2422 deinceps
430 2333 542 2400 omnia
556 2332 676 2399 fierent
689 2341 722 2398 et
732 2331 935 2399 infirmanda
948 2332 1002 2398 vel
1015 2331 1260 2413 confirmanda,

198 2463 273 2530 quae
292 2440 383 2508 dicta
401 2439 456 2506 vel
475 2439 566 2507 sacta
585 2439 732 2517 lucrant,
750 2437 859 2528 ipsius
872 2438 1014 2506 arbitrio
1030 2438 1259 2529 subjacerent.

200 2550 251 2614 10.
269 2547 339 2636 Ipsi
355 2545 520 2636 deniqueJ'
542 2546 633 2613 clero
641 2545 804 2636 praecepit
816 2545 831 2587 l
844 2556 882 2613 ut
898 2545 940 2613 ad
956 2544 1044 2612 diem
1059 2545 1259 2636 proximam,

197 2653 305 2720 idest
324 2665 403 2744 post
426 2663 569 2720 mortem
588 2652 680 2720 beati
700 2652 840 2719 Antonii
863 2652 1029 2743 quintam,
1052 2677 1089 2719 se
1113 2677 1154 2719 ex
1169 2675 1261 2720 more

197 2769 358 2848 pararent
382 2770 427 2837 et,
446 2759 613 2826 ordinatis
635 2759 927 2850 processionibus
945 2782 1076 2826 summo
1100 2783 1198 2843 mane
1219 2759 1261 2827 ad

198 2866 328 2934 Cellam
348 2866 582 2934 convenirent.
621 2871 674 2934 11.
706 2866 934 2934 Nihilominus
965 2877 1078 2933 autem
1098 2867 1262 2956 potestati

198 2972 348 3040 civitatis
364 2973 510 3042 iteratol
529 2973 703 3040 mandavit
715 2987 737 3016 '²¹
757 2984 794 3039 ut
808 2973 969 3063 praesidio
986 2973 1149 3040 fratribus
1166 2974 1263 3041 fieret

199 3090 244 3159 et,
278 3079 410 3170 paratis
443 3079 566 3148 civium
594 3080 730 3160 turmis,
768 3079 811 3147 ad
837 3079 1142 3169 transportandum
1170 3080 1262 3148 beati

199 3187 338 3253 Antonii
367 3210 491 3278 corpus
521 3187 611 3255 dicto
643 3197 795 3278 tempore
823 3186 866 3254 ud
887 3187 1017 3256 Cellam
1046 3198 1259 3277 properaret.

201 3296 252 3361 12.
276 3293 383 3382 Quin,
412 3294 561 3385 benigne
585 3294 784 3362 mandatum
808 3294 882 3384 ejus
903 3294 1108 3384 suscipiens,
1143 3294 1262 3361 annuit

199 3411 232 3468 et
261 3425 302 3468 ex
333 3411 533 3469 transverso
560 3401 723 3487 ssuminiS‚
755 3401 845 3492 quod
875 3402 1005 3470 Cellam
1039 3401 1190 3482 circuit¹,
1221 3401 1262 3468 de

224 3618 247 3649 a
268 3605 325 3649 Luc.
338 3620 382 3650 om.
401 3606 452 3650 Dei.
464 3629 490 3639 -
506 3607 527 3651 b.
545 3606 612 3650 Puris
628 3606 710 3661 fateor
725 3606 828 3661 quidem
852 3607 934 3650 zelum
951 3605 996 3649 Dei
1011 3605 1110 3651 liabent.
1130 3629 1156 3639 -
1173 3617 1194 3650 c.
1211 3607 1263 3650 Alc.

197 3677 268 3722 ‘tuter
284 3678 335 3721 Alc.
355 3679 396 3722 293
413 3678 497 3733 ἱρέων.
509 3701 534 3710 -
550 3679 574 3721 d.
588 3679 639 3721 Alc.
658 3679 697 3723 28ss
707 3689 728 3721 et
743 3678 795 3721 Alc.
813 3679 852 3721 ‘293
866 3677 965 3721 institit.
976 3701 1002 3711 -
1015 3690 1035 3721 e.
1053 3677 1109 3722 Part.
1127 3689 1176 3721 non
1190 3689 1264 3732 posse

197 3760 263 3793 cetur.
272 3773 298 3780 -
308 3750 326 3804 s.
335 3749 392 3793 Luc.
403 3749 497 3794 lrabuit.
506 3773 532 3781 -
542 3761 564 3803 9.
574 3749 642 3793 Paris
652 3762 697 3792 om.
709 3753 739 3793 et.
748 3773 774 3780 -
785 3751 809 3793 tr.
819 3749 886 3792 Paris
894 3761 960 3804 erpo.
970 3749 1019 3792 -i.
1031 3749 1087 3792 Luc.
1096 3749 1132 3792 ud.
1141 3749 1264 3792 virorum.

197 3842 224 3853 -
236 3820 258 3873 j.
270 3819 336 3864 Puris
346 3832 412 3865 uero.
422 3844 448 3853 -
459 3821 481 3864 lr.
493 3822 545 3864 Alc.
558 3821 597 3865 ¹286
606 3821 729 3876 precipit.
740 3842 766 3854 -
776 3819 791 3864 l.
804 3820 860 3864 Luc.
871 3821 971 3865 intento.
981 3842 1007 3854 -
1018 3832 1050 3864 m.
1064 3820 1130 3864 Puris
1138 3821 1258 3875 potestati

198 3892 328 3935 macrescit
339 3892 456 3936 cte-umis.
468 3915 494 3924 -
506 3907 531 3937 u.
545 3891 603 3935 Luc.
616 3893 692 3946 meod.

230 4074 252 4120 1.
270 4071 309 4121 La
323 4071 456 4122 directior
471 4070 505 4121 de
520 4072 546 4120 la
560 4073 659 4122 ririr'uc
674 4070 707 4120 de
728 4083 759 4121 ee
782 4071 852 4127 cute,
869 4083 922 4120 aux
941 4071 1082 4120 alenlours
1099 4070 1132 4121 de
1148 4071 1174 4119 la
1189 4071 1263 4132 ville,

199 4165 344 4218 remarque
360 4152 385 4202 le
401 4153 430 4202 P.
444 4153 521 4213 tosa,
536 4166 552 4201 a
566 4153 672 4215 change
688 4152 785 4216 depuis
795 4152 819 4200 lc
835 4150 1106 4202 X111·siccle.-Cl.
1121 4152 1262 4213 Genuam,

198 4232 295 4284 Antlco
311 4246 389 4283 corso
404 4232 446 4282 dc'
458 4232 546 4296 flami,
560 4235 612 4282 etc.
