<?xml version="1.0" encoding="UTF-8"?>
<!DOCTYPE html PUBLIC "-//W3C//DTD XHTML 1.0 Transitional//EN"
    "http://www.w3.org/TR/xhtml1/DTD/xhtml1-transitional.dtd">
<html xmlns="http://www.w3.org/1999/xhtml" xml:lang="en" lang="en">
 <head>
  <title>
</title>
<meta http-equiv="Content-Type" content="text/html;charset=utf-8" />
  <meta name='ocr-system' content='tesseract 3.04.00' />
  <meta name='ocr-capabilities' content='ocr_page ocr_carea ocr_par ocr_line ocrx_word'/>
</head>
<body>
  <div class='ocr_page' id='page_1' title='image "./sanctiantoniide00kervgoog_0238.png"; bbox 0 0 2934 4822; ppageno 0'>
   <div class='ocr_carea' id='block_1_1' title="bbox 385 357 1268 424">
    <p class='ocr_par' dir='ltr' id='par_1_1' title="bbox 385 357 1268 424">
     <span class='ocr_line' id='line_1_1' title="bbox 385 357 1268 424; baseline 0.005 -4"><span class='ocrx_word' id='word_1_1' title='bbox 385 374 416 420; x_wconf 72' lang='lat' dir='ltr'>a.</span> <span class='ocrx_word' id='word_1_2' title='bbox 442 375 586 421; x_wconf 78' lang='lat' dir='ltr'>artronu</span> <span class='ocrx_word' id='word_1_3' title='bbox 613 376 774 422; x_wconf 78' lang='lat' dir='ltr'>Leonum</span> <span class='ocrx_word' id='word_1_4' title='bbox 799 383 815 418; x_wconf 88' lang='lat' dir='ltr'>a</span> <span class='ocrx_word' id='word_1_5' title='bbox 839 375 1050 422; x_wconf 77' lang='lat' dir='ltr'>nnnroruras</span> <span class='ocrx_word' id='word_1_6' title='bbox 1071 381 1088 418; x_wconf 81' lang='lat' dir='ltr'>o</span> <span class='ocrx_word' id='word_1_7' title='bbox 1203 357 1268 424; x_wconf 88' lang='lat'>215</span> 
     </span>
    </p>
   </div>
   <div class='ocr_carea' id='block_1_2' title="bbox 199 512 1268 1780">
    <p class='ocr_par' dir='ltr' id='par_1_2' title="bbox 199 512 1268 1780">
     <span class='ocr_line' id='line_1_2' title="bbox 203 512 1266 605; baseline 0.003 -25"><span class='ocrx_word' id='word_1_8' title='bbox 203 512 370 602; x_wconf 83' lang='lat' dir='ltr'>profunda</span> <span class='ocrx_word' id='word_1_9' title='bbox 397 524 431 581; x_wconf 89' lang='lat' dir='ltr'>et</span> <span class='ocrx_word' id='word_1_10' title='bbox 460 514 542 593; x_wconf 88' lang='lat' dir='ltr'>alta,</span> <span class='ocrx_word' id='word_1_11' title='bbox 573 514 801 583; x_wconf 82' lang='lat' dir='ltr'>mediocribus</span> <span class='ocrx_word' id='word_1_12' title='bbox 824 514 1007 583; x_wconf 80' lang='lat' dir='ltr'>mediocria</span> <span class='ocrx_word' id='word_1_13' title='bbox 1035 514 1266 605; x_wconf 83' lang='lat' dir='ltr'>impendebat,</span> 
     </span>
     <span class='ocr_line' id='line_1_3' title="bbox 203 618 1266 712; baseline 0.005 -27"><span class='ocrx_word' id='word_1_14' title='bbox 203 618 329 686; x_wconf 87' lang='lat' dir='ltr'>infimis</span> <span class='ocrx_word' id='word_1_15' title='bbox 345 620 459 709; x_wconf 85' lang='lat' dir='ltr'>ptana,</span> <span class='ocrx_word' id='word_1_16' title='bbox 480 621 579 711; x_wconf 89' lang='lat' dir='ltr'>quasi</span> <span class='ocrx_word' id='word_1_17' title='bbox 599 621 796 712; x_wconf 80' lang='lat' dir='ltr'>palpabilia,</span> <span class='ocrx_word' id='word_1_18' title='bbox 817 622 890 689; x_wconf 86' lang='lat' dir='ltr'>luce</span> <span class='ocrx_word' id='word_1_19' title='bbox 911 622 1038 690; x_wconf 88' lang='lat' dir='ltr'>clarius</span> <span class='ocrx_word' id='word_1_20' title='bbox 1060 621 1266 690; x_wconf 83' lang='lat' dir='ltr'>disserebat.</span> 
     </span>
     <span class='ocr_line' id='line_1_4' title="bbox 202 726 1266 820; baseline 0.002 -26"><span class='ocrx_word' id='word_1_21' title='bbox 202 730 235 794; x_wconf 87' lang='grc'>6.</span> <span class='ocrx_word' id='word_1_22' title='bbox 269 726 368 794; x_wconf 88' lang='lat' dir='ltr'>Nulla</span> <span class='ocrx_word' id='word_1_23' title='bbox 393 751 535 817; x_wconf 90' lang='lat' dir='ltr'>prorsus</span> <span class='ocrx_word' id='word_1_24' title='bbox 567 729 725 797; x_wconf 86' lang='lat' dir='ltr'>flectebat</span> <span class='ocrx_word' id='word_1_25' title='bbox 750 753 825 796; x_wconf 90' lang='lat' dir='ltr'>eum</span> <span class='ocrx_word' id='word_1_26' title='bbox 857 753 1081 818; x_wconf 91' lang='lat' dir='ltr'>personarum</span> <span class='ocrx_word' id='word_1_27' title='bbox 1101 729 1266 820; x_wconf 83' lang='lat' dir='ltr'>acceptio,</span> 
     </span>
     <span class='ocr_line' id='line_1_5' title="bbox 203 833 1268 927; baseline 0.005 -28"><span class='ocrx_word' id='word_1_28' title='bbox 203 833 294 900; x_wconf 89' lang='lat' dir='ltr'>nulla</span> <span class='ocrx_word' id='word_1_29' title='bbox 311 834 438 900; x_wconf 78' lang='lat' dir='ltr'>favoris</span> <span class='ocrx_word' id='word_1_30' title='bbox 455 835 623 903; x_wconf 88' lang='lat' dir='ltr'>mulcebat</span> <span class='ocrx_word' id='word_1_31' title='bbox 639 834 807 904; x_wconf 88' lang='lat' dir='ltr'>adulatio¹</span> <span class='ocrx_word' id='word_1_32' title='bbox 824 836 878 902; x_wconf 89' lang='lat' dir='ltr'>vel</span> <span class='ocrx_word' id='word_1_33' title='bbox 894 835 1077 927; x_wconf 92' lang='lat' dir='ltr'>aliquando</span> <span class='ocrx_word' id='word_1_34' title='bbox 1092 835 1268 927; x_wconf 89' lang='lat' dir='ltr'>popularis</span> 
     </span>
     <span class='ocr_line' id='line_1_6' title="bbox 203 940 1265 1034; baseline 0.004 -28"><span class='ocrx_word' id='word_1_35' title='bbox 203 940 390 1008; x_wconf 76' lang='lat' dir='ltr'>enervabat</span> <span class='ocrx_word' id='word_1_36' title='bbox 404 941 529 1030; x_wconf 91' lang='lat' dir='ltr'>opinio.</span> <span class='ocrx_word' id='word_1_37' title='bbox 548 945 580 1010; x_wconf 89' lang='lat'>7.</span> <span class='ocrx_word' id='word_1_38' title='bbox 599 943 677 1019; x_wconf 88' lang='lat' dir='ltr'>Sed,</span> <span class='ocrx_word' id='word_1_39' title='bbox 696 943 838 1032; x_wconf 90' lang='lat' dir='ltr'>loquens</span> <span class='ocrx_word' id='word_1_40' title='bbox 858 943 994 1034; x_wconf 84' lang='lat' dir='ltr'>magnis</span> <span class='ocrx_word' id='word_1_41' title='bbox 1010 942 1084 1010; x_wconf 87' lang='lat' dir='ltr'>sive</span> <span class='ocrx_word' id='word_1_42' title='bbox 1098 942 1265 1033; x_wconf 83' lang='lat' dir='ltr'>parvulis⁷</span> 
     </span>
     <span class='ocr_line' id='line_1_7' title="bbox 203 1046 1265 1140; baseline 0.001 -26"><span class='ocrx_word' id='word_1_43' title='bbox 203 1046 351 1138; x_wconf 87' lang='lat' dir='ltr'>singulis</span> <span class='ocrx_word' id='word_1_44' title='bbox 370 1071 477 1138; x_wconf 80' lang='lat' dir='ltr'>aequae</span> <span class='ocrx_word' id='word_1_45' title='bbox 492 1049 649 1116; x_wconf 86' lang='lat' dir='ltr'>veritatis</span> <span class='ocrx_word' id='word_1_46' title='bbox 666 1049 781 1139; x_wconf 80' lang='lat' dir='ltr'>jaculo</span> <span class='ocrx_word' id='word_1_47' title='bbox 796 1050 973 1140; x_wconf 71' lang='lat' dir='ltr'>aequaliter</span> <span class='ocrx_word' id='word_1_48' title='bbox 989 1049 1168 1116; x_wconf 88' lang='lat' dir='ltr'>veritatem</span> <span class='ocrx_word' id='word_1_49' title='bbox 1183 1072 1265 1115; x_wconf 92' lang='lat' dir='ltr'>nun·</span> 
     </span>
     <span class='ocr_line' id='line_1_8' title="bbox 202 1154 1265 1246; baseline 0.003 -26"><span class='ocrx_word' id='word_1_50' title='bbox 202 1154 322 1221; x_wconf 89' lang='lat' dir='ltr'>tiabat.</span> <span class='ocrx_word' id='word_1_51' title='bbox 344 1157 377 1222; x_wconf 88' lang='grc'>8.</span> <span class='ocrx_word' id='word_1_52' title='bbox 404 1155 502 1222; x_wconf 86' lang='lat' dir='ltr'>Unde</span> <span class='ocrx_word' id='word_1_53' title='bbox 523 1155 704 1223; x_wconf 88' lang='lat' dir='ltr'>videbatur</span> <span class='ocrx_word' id='word_1_54' title='bbox 730 1155 829 1246; x_wconf 91' lang='lat' dir='ltr'>quasi</span> <span class='ocrx_word' id='word_1_55' title='bbox 855 1157 942 1223; x_wconf 89' lang='lat' dir='ltr'>alter</span> <span class='ocrx_word' id='word_1_56' title='bbox 965 1156 1073 1234; x_wconf 90' lang='lat' dir='ltr'>Elias,</span> <span class='ocrx_word' id='word_1_57' title='bbox 1102 1155 1172 1223; x_wconf 89' lang='lat' dir='ltr'>zelo</span> <span class='ocrx_word' id='word_1_58' title='bbox 1203 1156 1265 1224; x_wconf 90' lang='lat' dir='ltr'>Dei</span> 
     </span>
     <span class='ocr_line' id='line_1_9' title="bbox 201 1261 1265 1354; baseline 0.003 -27"><span class='ocrx_word' id='word_1_59' title='bbox 201 1261 351 1346; x_wconf 76' lang='lat' dir='ltr'>servenS,</span> <span class='ocrx_word' id='word_1_60' title='bbox 372 1263 430 1352; x_wconf 88' lang='lat' dir='ltr'>qui</span> <span class='ocrx_word' id='word_1_61' title='bbox 446 1263 593 1329; x_wconf 85' lang='lat' dir='ltr'>surrexit</span> <span class='ocrx_word' id='word_1_62' title='bbox 608 1263 642 1329; x_wconf 96' lang='lat' dir='ltr'>in</span> <span class='ocrx_word' id='word_1_63' title='bbox 657 1263 777 1330; x_wconf 88' lang='lat' dir='ltr'>diebus</span> <span class='ocrx_word' id='word_1_64' title='bbox 794 1263 867 1331; x_wconf 89' lang='lat' dir='ltr'>suis</span> <span class='ocrx_word' id='word_1_65' title='bbox 885 1274 1048 1354; x_wconf 84' lang='lat' dir='ltr'>tanquam</span> <span class='ocrx_word' id='word_1_66' title='bbox 1063 1262 1168 1354; x_wconf 83' lang='lat' dir='ltr'>ignis,</span> <span class='ocrx_word' id='word_1_67' title='bbox 1186 1262 1265 1353; x_wconf 90' lang='lat' dir='ltr'>quia</span> 
     </span>
     <span class='ocr_line' id='line_1_10' title="bbox 201 1368 1265 1461; baseline 0.002 -27"><span class='ocrx_word' id='word_1_68' title='bbox 201 1368 347 1435; x_wconf 82' lang='lat' dir='ltr'>famulus</span> <span class='ocrx_word' id='word_1_69' title='bbox 368 1369 515 1449; x_wconf 84' lang='lat' dir='ltr'>Domini,</span> <span class='ocrx_word' id='word_1_70' title='bbox 533 1369 763 1437; x_wconf 83' lang='lat' dir='ltr'>inflammatus</span> <span class='ocrx_word' id='word_1_71' title='bbox 783 1381 816 1438; x_wconf 88' lang='lat' dir='ltr'>et</span> <span class='ocrx_word' id='word_1_72' title='bbox 836 1393 1002 1438; x_wconf 82' lang='lat' dir='ltr'>aecensus</span> <span class='ocrx_word' id='word_1_73' title='bbox 1028 1370 1108 1461; x_wconf 81' lang='lat' dir='ltr'>igne</span> <span class='ocrx_word' id='word_1_74' title='bbox 1134 1369 1265 1436; x_wconf 80' lang='lat' dir='ltr'>fervido</span> 
     </span>
     <span class='ocr_line' id='line_1_11' title="bbox 202 1463 1262 1568; baseline -0.001 -24"><span class='ocrx_word' id='word_1_75' title='bbox 202 1475 350 1564; x_wconf 89' lang='lat' dir='ltr'>Spiritus</span> <span class='ocrx_word' id='word_1_76' title='bbox 366 1476 489 1554; x_wconf 87' lang='lat' dir='ltr'>sancti,</span> <span class='ocrx_word' id='word_1_77' title='bbox 505 1477 611 1544; x_wconf 85' lang='lat' dir='ltr'>verbo</span> <span class='ocrx_word' id='word_1_78' title='bbox 628 1501 690 1544; x_wconf 90' lang='lat' dir='ltr'>suo</span> <span class='ocrx_word' id='word_1_79' title='bbox 710 1463 865 1562; x_wconf 79' lang='lat' dir='ltr'>mirifico,</span> <span class='ocrx_word' id='word_1_80' title='bbox 883 1477 1006 1545; x_wconf 79' lang='lat' dir='ltr'>calenti</span> <span class='ocrx_word' id='word_1_81' title='bbox 1022 1487 1123 1568; x_wconf 90' lang='lat' dir='ltr'>atque</span> <span class='ocrx_word' id='word_1_82' title='bbox 1139 1476 1262 1568; x_wconf 85' lang='lat' dir='ltr'>ignito,</span> 
     </span>
     <span class='ocr_line' id='line_1_12' title="bbox 200 1582 1262 1676; baseline 0.002 -28"><span class='ocrx_word' id='word_1_83' title='bbox 200 1582 333 1650; x_wconf 82' lang='lat' dir='ltr'>calebat</span> <span class='ocrx_word' id='word_1_84' title='bbox 351 1607 391 1650; x_wconf 86' lang='lat' dir='ltr'>ac</span> <span class='ocrx_word' id='word_1_85' title='bbox 410 1584 531 1652; x_wconf 87' lang='lat' dir='ltr'>urebat</span> <span class='ocrx_word' id='word_1_86' title='bbox 546 1583 755 1652; x_wconf 91' lang='lat' dir='ltr'>audientium</span> <span class='ocrx_word' id='word_1_87' title='bbox 771 1585 873 1652; x_wconf 87' lang='lat' dir='ltr'>eorda</span> <span class='ocrx_word' id='word_1_88' title='bbox 893 1584 1057 1674; x_wconf 83' lang='lat' dir='ltr'>tepentia,</span> <span class='ocrx_word' id='word_1_89' title='bbox 1078 1583 1262 1676; x_wconf 84' lang='lat' dir='ltr'>torpentia,</span> 
     </span>
     <span class='ocr_line' id='line_1_13' title="bbox 199 1688 558 1780; baseline 0.008 -25"><span class='ocrx_word' id='word_1_90' title='bbox 199 1688 326 1780; x_wconf 81' lang='lat' dir='ltr'>frigida</span> <span class='ocrx_word' id='word_1_91' title='bbox 348 1700 381 1757; x_wconf 88' lang='lat' dir='ltr'>et</span> <span class='ocrx_word' id='word_1_92' title='bbox 400 1690 558 1758; x_wconf 86' lang='lat' dir='ltr'>obscura.</span> 
     </span>
    </p>
   </div>
   <div class='ocr_carea' id='block_1_3' title="bbox 707 1993 760 2090">
    <p class='ocr_par' dir='ltr' id='par_1_3' title="bbox 707 1993 760 2090">
     <span class='ocr_line' id='line_1_14' title="bbox 707 1993 760 2090; baseline 0 -52"><span class='ocrx_word' id='word_1_93' title='bbox 707 1993 760 2090; x_wconf 69' lang='lat'>,2</span> 
     </span>
    </p>
   </div>
   <div class='ocr_carea' id='block_1_4' title="bbox 197 2259 1310 2887">
    <p class='ocr_par' dir='ltr' id='par_1_4' title="bbox 197 2259 1310 2887">
     <span class='ocr_line' id='line_1_15' title="bbox 246 2259 1262 2351; baseline 0.001 -24"><span class='ocrx_word' id='word_1_94' title='bbox 246 2263 275 2327; x_wconf 84' lang='lat'>1.</span> <span class='ocrx_word' id='word_1_95' title='bbox 300 2260 413 2349; x_wconf 75' lang='lat' dir='ltr'>Digne</span> <span class='ocrx_word' id='word_1_96' title='bbox 437 2259 572 2350; x_wconf 91' lang='lat' dir='ltr'>quidem</span> <span class='ocrx_word' id='word_1_97' title='bbox 591 2259 645 2326; x_wconf 91' lang='lat' dir='ltr'>vir</span> <span class='ocrx_word' id='word_1_98' title='bbox 668 2259 746 2338; x_wconf 89' lang='lat' dir='ltr'>iste,</span> <span class='ocrx_word' id='word_1_99' title='bbox 768 2259 802 2326; x_wconf 94' lang='lat' dir='ltr'>in</span> <span class='ocrx_word' id='word_1_100' title='bbox 825 2283 924 2327; x_wconf 89' lang='lat' dir='ltr'>saera</span> <span class='ocrx_word' id='word_1_101' title='bbox 943 2260 1071 2351; x_wconf 82' lang='lat' dir='ltr'>pagina</span> <span class='ocrx_word' id='word_1_102' title='bbox 1101 2261 1262 2329; x_wconf 87' lang='lat' dir='ltr'>eruditis-</span> 
     </span>
     <span class='ocr_line' id='line_1_16' title="bbox 199 2365 1262 2460; baseline 0.005 -29"><span class='ocrx_word' id='word_1_103' title='bbox 199 2365 320 2442; x_wconf 86' lang='lat' dir='ltr'>simus,</span> <span class='ocrx_word' id='word_1_104' title='bbox 341 2367 389 2434; x_wconf 89' lang='lat' dir='ltr'>ita</span> <span class='ocrx_word' id='word_1_105' title='bbox 409 2391 469 2457; x_wconf 93' lang='lat' dir='ltr'>per</span> <span class='ocrx_word' id='word_1_106' title='bbox 489 2366 748 2456; x_wconf 84' lang='lat' dir='ltr'>acquisitionem</span> <span class='ocrx_word' id='word_1_107' title='bbox 766 2367 821 2433; x_wconf 88' lang='lat' dir='ltr'>vel</span> <span class='ocrx_word' id='word_1_108' title='bbox 842 2367 1119 2436; x_wconf 83' lang='lat' dir='ltr'>exercitationem</span> <span class='ocrx_word' id='word_1_109' title='bbox 1139 2368 1262 2460; x_wconf 77' lang='lat' dir='ltr'>gratim</span> 
     </span>
     <span class='ocr_line' id='line_1_17' title="bbox 199 2473 1310 2563; baseline 0.001 -21"><span class='ocrx_word' id='word_1_110' title='bbox 199 2474 347 2563; x_wconf 89' lang='lat' dir='ltr'>Spiritus</span> <span class='ocrx_word' id='word_1_111' title='bbox 375 2473 497 2552; x_wconf 86' lang='lat' dir='ltr'>sancti,</span> <span class='ocrx_word' id='word_1_112' title='bbox 520 2473 600 2563; x_wconf 88' lang='lat' dir='ltr'>quia</span> <span class='ocrx_word' id='word_1_113' title='bbox 623 2483 713 2540; x_wconf 82' lang='lat' dir='ltr'>certe</span> <span class='ocrx_word' id='word_1_114' title='bbox 734 2497 839 2540; x_wconf 91' lang='lat' dir='ltr'>unum</span> <span class='ocrx_word' id='word_1_115' title='bbox 865 2473 1003 2542; x_wconf 91' lang='lat' dir='ltr'>minime</span> <span class='ocrx_word' id='word_1_116' title='bbox 1030 2475 1092 2542; x_wconf 82' lang='lat' dir='ltr'>tuit</span> <span class='ocrx_word' id='word_1_117' title='bbox 1114 2475 1188 2543; x_wconf 88' lang='lat' dir='ltr'>sine</span> <span class='ocrx_word' id='word_1_118' title='bbox 1212 2477 1263 2543; x_wconf 88' lang='lat' dir='ltr'>al·</span> <span class='ocrx_word' id='word_1_119' title='bbox 1307 2482 1310 2486; x_wconf 74' lang='grc'><strong>’</strong></span> 
     </span>
     <span class='ocr_line' id='line_1_18' title="bbox 197 2579 1258 2672; baseline 0.003 -25"><span class='ocrx_word' id='word_1_120' title='bbox 197 2590 283 2664; x_wconf 91' lang='lat' dir='ltr'>tero,</span> <span class='ocrx_word' id='word_1_121' title='bbox 306 2603 385 2647; x_wconf 90' lang='lat' dir='ltr'>arca</span> <span class='ocrx_word' id='word_1_122' title='bbox 405 2579 625 2647; x_wconf 85' lang='lat' dir='ltr'>testamenti³</span> <span class='ocrx_word' id='word_1_123' title='bbox 644 2579 772 2648; x_wconf 87' lang='lat' dir='ltr'>veteris</span> <span class='ocrx_word' id='word_1_124' title='bbox 791 2590 825 2647; x_wconf 88' lang='lat' dir='ltr'>et</span> <span class='ocrx_word' id='word_1_125' title='bbox 844 2581 923 2648; x_wconf 90' lang='lat' dir='ltr'>novi</span> <span class='ocrx_word' id='word_1_126' title='bbox 944 2582 1054 2672; x_wconf 92' lang='lat' dir='ltr'>potuit</span> <span class='ocrx_word' id='word_1_127' title='bbox 1078 2582 1258 2651; x_wconf 90' lang='lat' dir='ltr'>nominari.</span> 
     </span>
     <span class='ocr_line' id='line_1_19' title="bbox 197 2686 1261 2779; baseline 0.003 -25"><span class='ocrx_word' id='word_1_128' title='bbox 197 2690 229 2754; x_wconf 86' lang='lat'>2.</span> <span class='ocrx_word' id='word_1_129' title='bbox 255 2691 352 2763; x_wconf 90' lang='lat' dir='ltr'>Nam,</span> <span class='ocrx_word' id='word_1_130' title='bbox 380 2687 468 2754; x_wconf 86' lang='lat' dir='ltr'>sieut</span> <span class='ocrx_word' id='word_1_131' title='bbox 492 2687 549 2776; x_wconf 91' lang='lat' dir='ltr'>qui</span> <span class='ocrx_word' id='word_1_132' title='bbox 575 2686 660 2754; x_wconf 91' lang='lat' dir='ltr'>bene</span> <span class='ocrx_word' id='word_1_133' title='bbox 692 2697 862 2755; x_wconf 91' lang='lat' dir='ltr'>noverunt</span> <span class='ocrx_word' id='word_1_134' title='bbox 895 2699 929 2756; x_wconf 88' lang='lat' dir='ltr'>et</span> <span class='ocrx_word' id='word_1_135' title='bbox 958 2712 1092 2779; x_wconf 88' lang='lat' dir='ltr'>semper</span> <span class='ocrx_word' id='word_1_136' title='bbox 1118 2712 1194 2757; x_wconf 86' lang='lat' dir='ltr'>oum</span> <span class='ocrx_word' id='word_1_137' title='bbox 1222 2714 1261 2757; x_wconf 90' lang='lat' dir='ltr'>eo</span> 
     </span>
     <span class='ocr_line' id='line_1_20' title="bbox 197 2793 1261 2887; baseline 0.004 -27"><span class='ocrx_word' id='word_1_138' title='bbox 197 2794 391 2861; x_wconf 82' lang='lat' dir='ltr'>conversati</span> <span class='ocrx_word' id='word_1_139' title='bbox 422 2793 558 2860; x_wconf 84' lang='lat' dir='ltr'>suerunt</span> <span class='ocrx_word' id='word_1_140' title='bbox 586 2817 748 2884; x_wconf 86' lang='lat' dir='ltr'>expresse</span> <span class='ocrx_word' id='word_1_141' title='bbox 776 2795 895 2862; x_wconf 88' lang='lat' dir='ltr'>testati</span> <span class='ocrx_word' id='word_1_142' title='bbox 924 2806 1045 2875; x_wconf 67' lang='lat' dir='ltr'>sunta,</span> <span class='ocrx_word' id='word_1_143' title='bbox 1072 2796 1121 2864; x_wconf 87' lang='lat' dir='ltr'>sio</span> <span class='ocrx_word' id='word_1_144' title='bbox 1147 2796 1261 2887; x_wconf 87' lang='lat' dir='ltr'>ipsum</span> 
     </span>
    </p>
   </div>
   <div class='ocr_carea' id='block_1_5' title="bbox 197 2999 1262 3198">
    <p class='ocr_par' dir='ltr' id='par_1_5' title="bbox 197 2999 1262 3198">
     <span class='ocr_line' id='line_1_21' title="bbox 223 2999 1262 3058; baseline 0.004 -15"><span class='ocrx_word' id='word_1_145' title='bbox 223 3013 245 3043; x_wconf 88' lang='lat' dir='ltr'>a.</span> <span class='ocrx_word' id='word_1_146' title='bbox 259 2999 330 3043; x_wconf 77' lang='lat' dir='ltr'>Teme</span> <span class='ocrx_word' id='word_1_147' title='bbox 345 3001 373 3042; x_wconf 91' lang='lat' dir='ltr'>du</span> <span class='ocrx_word' id='word_1_148' title='bbox 390 3000 434 3043; x_wconf 84' lang='lat' dir='ltr'>Ms.</span> <span class='ocrx_word' id='word_1_149' title='bbox 448 2999 515 3044; x_wconf 80' lang='lat' dir='ltr'>aicui</span> <span class='ocrx_word' id='word_1_150' title='bbox 536 3000 580 3055; x_wconf 85' lang='lat' dir='ltr'>qui</span> <span class='ocrx_word' id='word_1_151' title='bbox 595 3000 655 3044; x_wconf 79' lang='lat' dir='ltr'>beno</span> <span class='ocrx_word' id='word_1_152' title='bbox 670 3004 793 3046; x_wconf 79' lang='lat' dir='ltr'>nouerant</span> <span class='ocrx_word' id='word_1_153' title='bbox 809 3011 926 3056; x_wconf 73' lang='lat' dir='ltr'>exprome</span> <span class='ocrx_word' id='word_1_154' title='bbox 943 3001 1026 3046; x_wconf 79' lang='lat' dir='ltr'>testati</span> <span class='ocrx_word' id='word_1_155' title='bbox 1042 3005 1102 3047; x_wconf 78' lang='lat' dir='ltr'>sunt</span> <span class='ocrx_word' id='word_1_156' title='bbox 1119 3005 1142 3046; x_wconf 85' lang='lat' dir='ltr'>et</span> <span class='ocrx_word' id='word_1_157' title='bbox 1160 3014 1262 3058; x_wconf 79' lang='lat' dir='ltr'>seraper</span> 
     </span>
     <span class='ocr_line' id='line_1_22' title="bbox 197 3071 1260 3130; baseline 0.003 -15"><span class='ocrx_word' id='word_1_158' title='bbox 197 3082 255 3115; x_wconf 88' lang='lat' dir='ltr'>com</span> <span class='ocrx_word' id='word_1_159' title='bbox 266 3084 294 3114; x_wconf 85' lang='lat' dir='ltr'>eo</span> <span class='ocrx_word' id='word_1_160' title='bbox 304 3071 445 3116; x_wconf 78' lang='lat' dir='ltr'>conversati</span> <span class='ocrx_word' id='word_1_161' title='bbox 456 3071 561 3125; x_wconf 63' lang='lat' dir='ltr'>fuerumt</span> <span class='ocrx_word' id='word_1_162' title='bbox 568 3084 576 3122; x_wconf 89' lang='lat'>‚·</span> <span class='ocrx_word' id='word_1_163' title='bbox 588 3083 613 3114; x_wconf 86' lang='lat' dir='ltr'>ce</span> <span class='ocrx_word' id='word_1_164' title='bbox 625 3071 663 3127; x_wconf 88' lang='lat' dir='ltr'>qui</span> <span class='ocrx_word' id='word_1_165' title='bbox 679 3075 715 3117; x_wconf 87' lang='lat' dir='ltr'>est</span> <span class='ocrx_word' id='word_1_166' title='bbox 727 3084 770 3116; x_wconf 87' lang='lat' dir='ltr'>une</span> <span class='ocrx_word' id='word_1_167' title='bbox 789 3072 940 3116; x_wconf 77' lang='lat' dir='ltr'>interversion</span> <span class='ocrx_word' id='word_1_168' title='bbox 953 3072 1136 3119; x_wconf 79' lang='lat' dir='ltr'>manifestement</span> <span class='ocrx_word' id='word_1_169' title='bbox 1148 3071 1260 3130; x_wconf 74' lang='lat' dir='ltr'>icbnppio</span> 
     </span>
     <span class='ocr_line' id='line_1_23' title="bbox 197 3144 330 3198; baseline 0.015 -13"><span class='ocrx_word' id='word_1_170' title='bbox 197 3156 224 3185; x_wconf 84' lang='lat' dir='ltr'>nu</span> <span class='ocrx_word' id='word_1_171' title='bbox 237 3144 330 3198; x_wconf 85' lang='lat' dir='ltr'>copiste.</span> 
     </span>
    </p>
   </div>
   <div class='ocr_carea' id='block_1_6' title="bbox 193 3320 1260 4192">
    <p class='ocr_par' dir='ltr' id='par_1_6' title="bbox 197 3320 1260 3547">
     <span class='ocr_line' id='line_1_24' title="bbox 229 3320 1260 3388; baseline 0.006 -19"><span class='ocrx_word' id='word_1_172' title='bbox 229 3324 250 3370; x_wconf 85' lang='lat'>1.</span> <span class='ocrx_word' id='word_1_173' title='bbox 265 3320 349 3372; x_wconf 55' lang='lat' dir='ltr'>it&#39;otto</span> <span class='ocrx_word' id='word_1_174' title='bbox 362 3336 508 3387; x_wconf 79' lang='lat' dir='ltr'>prorsus...</span> <span class='ocrx_word' id='word_1_175' title='bbox 524 3323 630 3384; x_wconf 83' lang='lat' dir='ltr'>sororis</span> <span class='ocrx_word' id='word_1_176' title='bbox 643 3322 796 3372; x_wconf 82' lang='lat' dir='ltr'>mulcebat:</span> <span class='ocrx_word' id='word_1_177' title='bbox 809 3323 911 3387; x_wconf 85' lang='lat' dir='ltr'>phrase</span> <span class='ocrx_word' id='word_1_178' title='bbox 925 3337 959 3373; x_wconf 90' lang='lat' dir='ltr'>en</span> <span class='ocrx_word' id='word_1_179' title='bbox 972 3323 1063 3388; x_wconf 86' lang='lat' dir='ltr'>partio</span> <span class='ocrx_word' id='word_1_180' title='bbox 1079 3325 1208 3376; x_wconf 84' lang='lat' dir='ltr'>textuette</span> <span class='ocrx_word' id='word_1_181' title='bbox 1222 3325 1260 3375; x_wconf 91' lang='lat' dir='ltr'>du</span> 
     </span>
     <span class='ocr_line' id='line_1_25' title="bbox 198 3400 1258 3471; baseline 0.006 -21"><span class='ocrx_word' id='word_1_182' title='bbox 198 3400 343 3466; x_wconf 79' lang='lat' dir='ltr'>Diatogm,</span> <span class='ocrx_word' id='word_1_183' title='bbox 364 3401 407 3451; x_wconf 78' lang='lat' dir='ltr'>ed.</span> <span class='ocrx_word' id='word_1_184' title='bbox 427 3402 581 3463; x_wconf 78' lang='lat' dir='ltr'>LemmenS,</span> <span class='ocrx_word' id='word_1_185' title='bbox 597 3417 624 3466; x_wconf 91' lang='lat' dir='ltr'>p.</span> <span class='ocrx_word' id='word_1_186' title='bbox 644 3406 667 3463; x_wconf 86' lang='lat'>7,</span> <span class='ocrx_word' id='word_1_187' title='bbox 685 3406 712 3453; x_wconf 87' lang='lat' dir='ltr'>et</span> <span class='ocrx_word' id='word_1_188' title='bbox 731 3402 765 3453; x_wconf 87' lang='lat' dir='ltr'>de</span> <span class='ocrx_word' id='word_1_189' title='bbox 785 3403 812 3452; x_wconf 90' lang='lat' dir='ltr'>ta</span> <span class='ocrx_word' id='word_1_190' title='bbox 833 3403 949 3468; x_wconf 78' lang='lat' dir='ltr'>legendo</span> <span class='ocrx_word' id='word_1_191' title='bbox 967 3403 1069 3468; x_wconf 87' lang='lat' dir='ltr'>primo,</span> <span class='ocrx_word' id='word_1_192' title='bbox 1089 3405 1132 3468; x_wconf 89' lang='lat' dir='ltr'>(V.</span> <span class='ocrx_word' id='word_1_193' title='bbox 1153 3419 1258 3471; x_wconf 86' lang='lat' dir='ltr'>supra:</span> 
     </span>
     <span class='ocr_line' id='line_1_26' title="bbox 197 3481 530 3547; baseline 0 -16"><span class='ocrx_word' id='word_1_194' title='bbox 197 3481 262 3546; x_wconf 80' lang='lat' dir='ltr'>Lag.</span> <span class='ocrx_word' id='word_1_195' title='bbox 281 3483 382 3547; x_wconf 85' lang='lat' dir='ltr'>primo,</span> <span class='ocrx_word' id='word_1_196' title='bbox 400 3486 439 3538; x_wconf 83' lang='lat' dir='ltr'>to,</span> <span class='ocrx_word' id='word_1_197' title='bbox 455 3492 482 3530; x_wconf 93' lang='lat' dir='ltr'>n·</span> <span class='ocrx_word' id='word_1_198' title='bbox 496 3485 530 3539; x_wconf 81' lang='grc'>6),</span> 
     </span>
    </p>

    <p class='ocr_par' dir='ltr' id='par_1_7' title="bbox 196 3562 1260 3943">
     <span class='ocr_line' id='line_1_27' title="bbox 227 3562 1260 3630; baseline 0.006 -19"><span class='ocrx_word' id='word_1_199' title='bbox 227 3567 250 3611; x_wconf 77' lang='lat'>2.</span> <span class='ocrx_word' id='word_1_200' title='bbox 270 3562 307 3612; x_wconf 89' lang='lat' dir='ltr'>Le</span> <span class='ocrx_word' id='word_1_201' title='bbox 319 3563 454 3624; x_wconf 78' lang='lat' dir='ltr'>fragment</span> <span class='ocrx_word' id='word_1_202' title='bbox 469 3562 490 3612; x_wconf 90' lang='lat' dir='ltr'>L</span> <span class='ocrx_word' id='word_1_203' title='bbox 503 3575 532 3611; x_wconf 88' lang='lat' dir='ltr'>so</span> <span class='ocrx_word' id='word_1_204' title='bbox 548 3565 679 3626; x_wconf 87' lang='lat' dir='ltr'>rapporte</span> <span class='ocrx_word' id='word_1_205' title='bbox 694 3577 728 3612; x_wconf 91' lang='lat' dir='ltr'>au</span> <span class='ocrx_word' id='word_1_206' title='bbox 744 3566 977 3615; x_wconf 82' lang='lat' dir='ltr'>commencement</span> <span class='ocrx_word' id='word_1_207' title='bbox 992 3564 1028 3614; x_wconf 91' lang='lat' dir='ltr'>du</span> <span class='ocrx_word' id='word_1_208' title='bbox 1042 3566 1167 3630; x_wconf 82' lang='lat' dir='ltr'>chapitre</span> <span class='ocrx_word' id='word_1_209' title='bbox 1184 3565 1218 3617; x_wconf 91' lang='lat' dir='ltr'>de</span> <span class='ocrx_word' id='word_1_210' title='bbox 1233 3566 1260 3617; x_wconf 88' lang='lat' dir='ltr'>ta</span> 
     </span>
     <span class='ocr_line' id='line_1_28' title="bbox 196 3642 1258 3711; baseline 0.008 -22"><span class='ocrx_word' id='word_1_211' title='bbox 196 3642 312 3707; x_wconf 81' lang='lat' dir='ltr'>tegendo</span> <span class='ocrx_word' id='word_1_212' title='bbox 334 3644 445 3706; x_wconf 84' lang='lat' dir='ltr'>prima:</span> <span class='ocrx_word' id='word_1_213' title='bbox 461 3642 501 3692; x_wconf 73' lang='lat' dir='ltr'>Ite</span> <span class='ocrx_word' id='word_1_214' title='bbox 522 3643 599 3706; x_wconf 81' lang='lat' dir='ltr'>sama</span> <span class='ocrx_word' id='word_1_215' title='bbox 622 3643 681 3706; x_wconf 77' lang='lat' dir='ltr'>ejus</span> <span class='ocrx_word' id='word_1_216' title='bbox 703 3647 729 3692; x_wconf 86' lang='lat' dir='ltr'>et</span> <span class='ocrx_word' id='word_1_217' title='bbox 753 3644 875 3705; x_wconf 76' lang='lat' dir='ltr'>efficacia</span> <span class='ocrx_word' id='word_1_218' title='bbox 895 3645 1103 3709; x_wconf 67' lang='lat' dir='ltr'>praedicationis</span> <span class='ocrx_word' id='word_1_219' title='bbox 1121 3647 1180 3710; x_wconf 80' lang='lat' dir='ltr'>ejus</span> <span class='ocrx_word' id='word_1_220' title='bbox 1198 3647 1258 3711; x_wconf 83' lang='lat' dir='ltr'>(Me.</span> 
     </span>
     <span class='ocr_line' id='line_1_29' title="bbox 197 3722 1260 3792; baseline 0.006 -21"><span class='ocrx_word' id='word_1_221' title='bbox 197 3723 293 3771; x_wconf 85' lang='lat' dir='ltr'>Paris:</span> <span class='ocrx_word' id='word_1_222' title='bbox 309 3722 348 3771; x_wconf 81' lang='lat' dir='ltr'>De</span> <span class='ocrx_word' id='word_1_223' title='bbox 364 3723 598 3772; x_wconf 80' lang='lat' dir='ltr'>commendatione</span> <span class='ocrx_word' id='word_1_224' title='bbox 610 3723 817 3788; x_wconf 71' lang='lat' dir='ltr'>predicationis</span> <span class='ocrx_word' id='word_1_225' title='bbox 831 3725 910 3788; x_wconf 82' lang='lat' dir='ltr'>ejus),</span> <span class='ocrx_word' id='word_1_226' title='bbox 933 3726 968 3775; x_wconf 82' lang='lat' dir='ltr'>ou</span> <span class='ocrx_word' id='word_1_227' title='bbox 993 3725 1011 3775; x_wconf 85' lang='lat' dir='ltr'>rt</span> <span class='ocrx_word' id='word_1_228' title='bbox 1034 3728 1076 3776; x_wconf 83' lang='lat' dir='ltr'>est</span> <span class='ocrx_word' id='word_1_229' title='bbox 1099 3726 1140 3776; x_wconf 86' lang='lat' dir='ltr'>dit</span> <span class='ocrx_word' id='word_1_230' title='bbox 1159 3728 1260 3792; x_wconf 80' lang='lat' dir='ltr'>qu&#39;An-</span> 
     </span>
     <span class='ocr_line' id='line_1_30' title="bbox 196 3802 1258 3872; baseline 0.006 -21"><span class='ocrx_word' id='word_1_231' title='bbox 196 3804 268 3851; x_wconf 84' lang='lat' dir='ltr'>toiue</span> <span class='ocrx_word' id='word_1_232' title='bbox 284 3802 385 3866; x_wconf 76' lang='lat' dir='ltr'>praetia</span> <span class='ocrx_word' id='word_1_233' title='bbox 399 3802 501 3851; x_wconf 85' lang='lat' dir='ltr'>devant</span> <span class='ocrx_word' id='word_1_234' title='bbox 517 3804 542 3851; x_wconf 86' lang='lat' dir='ltr'>te</span> <span class='ocrx_word' id='word_1_235' title='bbox 554 3816 624 3867; x_wconf 86' lang='lat' dir='ltr'>pape</span> <span class='ocrx_word' id='word_1_236' title='bbox 644 3807 672 3854; x_wconf 88' lang='lat' dir='ltr'>et</span> <span class='ocrx_word' id='word_1_237' title='bbox 683 3803 723 3854; x_wconf 89' lang='lat' dir='ltr'>tes</span> <span class='ocrx_word' id='word_1_238' title='bbox 738 3804 889 3855; x_wconf 87' lang='lat' dir='ltr'>cardinaux</span> <span class='ocrx_word' id='word_1_239' title='bbox 905 3807 948 3867; x_wconf 85' lang='lat' dir='ltr'>(V.</span> <span class='ocrx_word' id='word_1_240' title='bbox 963 3819 1064 3870; x_wconf 84' lang='lat' dir='ltr'>supra:</span> <span class='ocrx_word' id='word_1_241' title='bbox 1080 3806 1145 3871; x_wconf 81' lang='lat' dir='ltr'>Leg.</span> <span class='ocrx_word' id='word_1_242' title='bbox 1156 3808 1258 3872; x_wconf 86' lang='lat' dir='ltr'>primo,</span> 
     </span>
     <span class='ocr_line' id='line_1_31' title="bbox 196 3885 405 3943; baseline -0.005 -12"><span class='ocrx_word' id='word_1_243' title='bbox 196 3886 233 3941; x_wconf 85' lang='lat' dir='ltr'>ro,</span> <span class='ocrx_word' id='word_1_244' title='bbox 251 3894 287 3930; x_wconf 62' lang='lat' dir='ltr'>nr·</span> <span class='ocrx_word' id='word_1_245' title='bbox 302 3886 312 3931; x_wconf 86' lang='lat' dir='ltr'>t</span> <span class='ocrx_word' id='word_1_246' title='bbox 329 3886 355 3931; x_wconf 78' lang='lat' dir='ltr'>et</span> <span class='ocrx_word' id='word_1_247' title='bbox 371 3885 405 3943; x_wconf 81' lang='lat' dir='ltr'>a.)</span> 
     </span>
    </p>

    <p class='ocr_par' dir='ltr' id='par_1_8' title="bbox 193 3963 1258 4192">
     <span class='ocr_line' id='line_1_32' title="bbox 226 3963 1258 4032; baseline 0.012 -26"><span class='ocrx_word' id='word_1_248' title='bbox 226 3968 249 4011; x_wconf 83' lang='grc'>3.</span> <span class='ocrx_word' id='word_1_249' title='bbox 269 3963 338 4010; x_wconf 77' lang='lat' dir='ltr'>Area</span> <span class='ocrx_word' id='word_1_250' title='bbox 354 3963 527 4011; x_wconf 77' lang='lat' dir='ltr'>testamenti:</span> <span class='ocrx_word' id='word_1_251' title='bbox 543 3966 704 4026; x_wconf 86' lang='lat' dir='ltr'>expression</span> <span class='ocrx_word' id='word_1_252' title='bbox 719 3965 809 4028; x_wconf 86' lang='lat' dir='ltr'>quise</span> <span class='ocrx_word' id='word_1_253' title='bbox 824 3968 919 4016; x_wconf 78' lang='lat' dir='ltr'>trouve</span> <span class='ocrx_word' id='word_1_254' title='bbox 935 3964 995 4026; x_wconf 72' lang='lat' dir='ltr'>deta</span> <span class='ocrx_word' id='word_1_255' title='bbox 1015 3966 1085 4015; x_wconf 86' lang='lat' dir='ltr'>dans</span> <span class='ocrx_word' id='word_1_256' title='bbox 1101 3967 1127 4016; x_wconf 90' lang='lat' dir='ltr'>ta</span> <span class='ocrx_word' id='word_1_257' title='bbox 1142 3968 1258 4032; x_wconf 76' lang='lat' dir='ltr'>tegendo</span> 
     </span>
     <span class='ocr_line' id='line_1_33' title="bbox 193 4043 1258 4111; baseline 0.008 -21"><span class='ocrx_word' id='word_1_258' title='bbox 193 4043 285 4107; x_wconf 87' lang='lat' dir='ltr'>prima</span> <span class='ocrx_word' id='word_1_259' title='bbox 302 4044 345 4104; x_wconf 87' lang='lat' dir='ltr'>(V.</span> <span class='ocrx_word' id='word_1_260' title='bbox 364 4055 465 4105; x_wconf 75' lang='lat' dir='ltr'>supra:</span> <span class='ocrx_word' id='word_1_261' title='bbox 492 4043 554 4106; x_wconf 71' lang='lat' dir='ltr'>Lag.</span> <span class='ocrx_word' id='word_1_262' title='bbox 569 4043 670 4105; x_wconf 88' lang='lat' dir='ltr'>prima,</span> <span class='ocrx_word' id='word_1_263' title='bbox 693 4048 730 4103; x_wconf 80' lang='lat' dir='ltr'>itt,</span> <span class='ocrx_word' id='word_1_264' title='bbox 756 4056 784 4094; x_wconf 92' lang='lat' dir='ltr'>n·</span> <span class='ocrx_word' id='word_1_265' title='bbox 799 4049 833 4105; x_wconf 76' lang='lat'>2),</span> <span class='ocrx_word' id='word_1_266' title='bbox 849 4046 873 4095; x_wconf 87' lang='lat' dir='ltr'>te</span> <span class='ocrx_word' id='word_1_267' title='bbox 897 4046 1033 4110; x_wconf 79' lang='lat' dir='ltr'>tttatagos</span> <span class='ocrx_word' id='word_1_268' title='bbox 1057 4051 1094 4111; x_wconf 86' lang='lat' dir='ltr'>(p.</span> <span class='ocrx_word' id='word_1_269' title='bbox 1114 4050 1146 4106; x_wconf 86' lang='lat'>7),</span> <span class='ocrx_word' id='word_1_270' title='bbox 1164 4047 1258 4098; x_wconf 86' lang='lat' dir='ltr'>Pterre</span> 
     </span>
     <span class='ocr_line' id='line_1_34' title="bbox 198 4121 1258 4192; baseline 0.011 -26"><span class='ocrx_word' id='word_1_271' title='bbox 198 4121 336 4166; x_wconf 77' lang='lat' dir='ltr'>anmnnet</span> <span class='ocrx_word' id='word_1_272' title='bbox 351 4121 407 4171; x_wconf 68' lang='lat' dir='ltr'>ted.</span> <span class='ocrx_word' id='word_1_273' title='bbox 422 4123 498 4181; x_wconf 80' lang='lat' dir='ltr'>tosa,</span> <span class='ocrx_word' id='word_1_274' title='bbox 515 4135 544 4184; x_wconf 90' lang='lat' dir='ltr'>p.</span> <span class='ocrx_word' id='word_1_275' title='bbox 558 4124 608 4184; x_wconf 80' lang='lat'>90),</span> <span class='ocrx_word' id='word_1_276' title='bbox 622 4123 692 4172; x_wconf 85' lang='lat' dir='ltr'>Joan</span> <span class='ocrx_word' id='word_1_277' title='bbox 708 4125 835 4187; x_wconf 80' lang='lat' dir='ltr'>Rigautd,</span> <span class='ocrx_word' id='word_1_278' title='bbox 850 4139 911 4192; x_wconf 81' lang='lat' dir='ltr'>cap.</span> <span class='ocrx_word' id='word_1_279' title='bbox 926 4126 991 4175; x_wconf 81' lang='lat' dir='ltr'>vm</span> <span class='ocrx_word' id='word_1_280' title='bbox 1004 4126 1057 4188; x_wconf 81' lang='lat' dir='ltr'>(od.</span> <span class='ocrx_word' id='word_1_281' title='bbox 1069 4126 1106 4176; x_wconf 92' lang='lat' dir='ltr'>du</span> <span class='ocrx_word' id='word_1_282' title='bbox 1121 4126 1150 4178; x_wconf 87' lang='lat' dir='ltr'>P.</span> <span class='ocrx_word' id='word_1_283' title='bbox 1162 4127 1258 4178; x_wconf 84' lang='lat' dir='ltr'>Ferdt-</span> 
     </span>
    </p>
   </div>
   <div class='ocr_carea' id='block_1_7' title="bbox 0 0 1472 4822">
    <p class='ocr_par' dir='ltr' id='par_1_9' title="bbox 0 0 1472 4822">
     <span class='ocr_line' id='line_1_35' title="bbox 0 0 1472 4822; baseline 0 3"><span class='ocrx_word' id='word_1_284' title='bbox 0 0 1472 4822; x_wconf 95' lang='lat' dir='ltr'> </span> 
     </span>
    </p>
   </div>
  </div>
 </body>
</html>
