2934 4822
431 373 461 420 s.
487 373 632 419 anronu
658 373 818 420 uranum
844 372 964 431 rmus,
990 352 1031 417 21
1219 353 1263 418 63

200 513 269 580 cuit
294 536 407 580 sermo
427 537 527 604 quem
547 513 724 594 dixerant;
747 536 825 579 nam
847 521 880 578 et
903 510 1090 577 communis
1115 510 1264 577 omnium

199 620 322 686 civium
339 621 510 688 sententia
529 620 601 687 haec
626 619 743 687 eadem
763 619 1008 710 proclamabat.
1028 621 1061 687 8.
1081 621 1236 686 Instante
1248 632 1263 660 ‘¹

198 726 305 817 igitur
326 726 437 793 noctis
452 736 617 817 tempore,
636 750 696 793 neo
722 750 789 793 non
805 725 970 793 emissis⁶
990 725 1113 801 turbis,
1137 725 1264 792 fratres

198 833 288 900 ostia
309 832 485 900 domorum
506 832 667 900 claudunt
684 857 736 913 ac,
749 858 790 900 ne
806 834 984 901 occasione
998 832 1113 923 aliqua
1128 845 1141 875 ⁶
1160 856 1263 922 popu-

197 939 307 1006 lorum
327 951 562 1030 premerentur
589 940 740 1019 incursu,
766 940 921 1007 vectibus
947 951 980 1007 et
1001 940 1088 1006 seris
1113 939 1264 1006 claustra

198 1047 443 1114 communiunt.
458 1050 491 1115 9.
514 1046 628 1114 Media
648 1057 761 1114 autem
781 1057 891 1125 nocte,
918 1070 1021 1138 quum
1041 1046 1152 1114 adhuc
1173 1045 1263 1136 vigi-

198 1153 249 1220 les
273 1155 498 1221 observarent
518 1154 693 1238 excubias,
714 1154 908 1243 importuna
927 1153 1128 1244 populorum
1147 1153 1261 1230 turba,

199 1260 369 1327 desiderio
392 1260 531 1327 videndi
556 1259 737 1350 corporis‘¹
767 1270 932 1336 aestuans.
962 1261 1051 1328 facto
1079 1261 1206 1350 impetu
1229 1259 1264 1325 in

199 1366 335 1433 domum
361 1367 419 1433 ubi
449 1377 627 1434 sanctum‘
643 1366 880 1457 requiescebat
910 1367 1078 1457 corpuss‚
1111 1366 1211 1434 irruit
1230 1377 1263 1433 et

199 1474 364 1564 repagula
380 1473 518 1540 omnine
535 1473 635 1540 simul
662 1497 736 1540 cum
761 1473 860 1540 ostiis
893 1473 1107 1564 impudenter
1135 1473 1262 1540 confre-

199 1580 263 1670 git.
288 1583 340 1647 10.
363 1584 543 1671 Quumque
569 1581 640 1669 jam
670 1579 783 1658 tertio,
800 1577 883 1647 'benc
907 1580 1026 1648 eadem
1052 1580 1261 1671 replicand0‚

198 1687 259 1753 inf
279 1687 407 1777 impetu
428 1687 593 1777 spiritusr'
620 1687 745 1754 fratres
765 1686 1001 1767 lacessissent,
1023 1687 1141 1754 dictuf
1160 1687 1263 1754 mira·

197 1794 264 1861 bile
276 1799 282 1860 ἔ
295 1819 356 1862 nec
371 1794 475 1861 semel
488 1794 624 1861 domum
639 1793 773 1885 ingredi
788 1794 857 1860 ullo
873 1793 1049 1862 conamine
1062 1794 1261 1874 valuerunt3

199 1901 272 1979 sed,
287 1912 325 1967 ut
337 1901 475 1991 proprio
492 1900 766 1992 subsequenter't
780 1924 838 1968 ore
852 1901 999 1968 confessi
1021 1911 1113 1978 sunt,
1135 1900 1263 1990 apertis

198 2006 311 2086 ostiis
335 2007 474 2075 stabant
501 2007 683 2098 stupefacti
704 2018 750 2089 et,
773 2032 875 2099 quum
900 2007 1000 2097 plena
1020 2017 1113 2074 esset
1142 2007 1263 2074 domus

198 2114 323 2181 lumine
336 2117 358 2192 Ι,
375 2114 552 2182 introitum
572 2138 639 2181 non
662 2114 832 2195 videntes,
850 2114 1039 2182 circuibant
1059 2114 1263 2204 auruginem

200 2220 370 2289 fascinati.

246 2332 299 2396 11.
332 2332 434 2395 Mane
463 2340 618 2406 autema,
639 2328 680 2396 de
711 2328 861 2408 civitate,
891 2328 983 2395 villis
1004 2340 1037 2395 et
1060 2328 1199 2406 castris,
1221 2327 1264 2393 ad

200 2434 383 2502 videndum
398 2435 589 2502 beatissimi
599 2435 740 2502 Antonii
751 2459 888 2525 corpus,
899 2435 1013 2525 populi
1026 2435 1144 2503 fideles
1160 2435 1264 2501 adve-

200 2541 297 2609 niunt
316 2553 350 2608 et
369 2542 426 2632 qui
443 2542 547 2609 semel
564 2542 646 2609 illud
662 2542 716 2609 vel
731 2555 874 2632 tangere
888 2558 902 2584 ⁰
918 2552 1100 2633 utcumque
1115 2553 1261 2632 poterat,

198 2647 334 2716 beatum
365 2673 402 2715 so
430 2649 501 2715 fore
530 2648 764 2716 indubitanter
792 2649 1001 2716 {estimabat
1033 2652 1083 2717 12.
1115 2649 1180 2717 Si¹¹
1207 2648 1264 2738 qui

197 2779 280 2822 vero
309 2779 379 2846 prae
403 2755 619 2823 multitudine
639 2755 800 2824 accedere
824 2780 892 2823 non
911 2756 1084 2837 valebant,
1106 2779 1211 2822 zonas
1232 2765 1266 2821 et

198 2861 349 2952 cingula,
367 2863 511 2930 annulos
532 2873 565 2930 et
586 2863 735 2944 monilia,
751 2863 866 2930 claves
882 2874 915 2931 et
928 2874 1052 2931 caetera
1064 2872 1264 2930 ornamenta

197 2993 258 3059 per
271 2969 442 3037 fenestras
455 2980 488 3037 et
503 2971 593 3038 ostia
608 2970 738 3060 passim
752 2970 996 3061 projiciebant3
1012 2969 1149 3060 quidam
1168 2993 1263 3049 vero,

197 3076 337 3166 perticis
361 3076 432 3143 hmo
456 3077 532 3167 ipsa
557 3077 802 3167 appendentem
825 3076 1000 3143 inferenda
1027 3076 1262 3167 porrigebant,

199 3193 236 3249 ut
261 3195 445 3252 contactu?
459 3184 685 3252 sacratissimi
714 3184 867 3275 corporis
893 3184 1108 3250 sanctificata
1134 3184 1264 3273 rooipe-

199 3300 288 3358 rent.

198 3439 408 3454 ῃ

226 3554 248 3585 a.
263 3540 321 3584 Luc.
336 3541 461 3586 instantis.
479 3564 505 3574 —
518 3542 539 3585 t.
559 3541 617 3586 Luc.
639 3545 661 3586 et
681 3541 775 3586 missia.
787 3565 814 3573 —
833 3553 854 3586 c.
875 3541 941 3585 Paris
952 3541 1038 3596 atiquo
1053 3541 1193 3586 occasione.
1204 3540 1264 3586 -ά,

200 3612 256 3656 Pro.
269 3616 293 3655 et
307 3612 372 3655 Poris
384 3625 484 3669 corpus.
498 3636 524 3645 -
537 3625 557 3657 c.
572 3614 627 3657 buc.
641 3625 663 3657 er
676 3613 743 3658 Paris
756 3625 867 3657 sacrum.
881 3636 907 3645 -
924 3614 941 3668 s.
957 3612 1022 3655 Paris
1039 3624 1131 3668 commo
1152 3613 1265 3667 requies-

200 3684 276 3727 cebat.
293 3707 319 3714 -
334 3696 356 3737 9.
372 3684 426 3727 buc.
438 3697 483 3727 om.
501 3685 595 3728 oroma.
607 3709 633 3716 -
648 3687 672 3729 tr.
689 3686 741 3728 Alc.
759 3686 799 3728 ‘280
811 3697 855 3727 om.
871 3683 904 3726 in.
924 3706 950 3716 —
972 3684 987 3727 ι’.
1007 3682 1060 3727 Nat.
1080 3684 1144 3727 taum
1162 3683 1263 3737 spiritu.

200 3753 268 3796 Puris
278 3767 323 3798 om.
337 3755 362 3797 in
373 3755 469 3809 impetn
487 3755 601 3811 spiritus.
614 3779 641 3788 -
655 3756 670 3803 i.
681 3756 782 3800 Alct‘sst'·
792 3755 897 3800 dictum.
909 3778 935 3788 -
947 3755 970 3798 b.
985 3754 1265 3809 Parisomaubeerpwn-

200 3830 244 3869 ter.
261 3850 287 3857 -
307 3825 322 3868 f.
342 3825 409 3870 Paris
428 3828 564 3871 luminum.
583 3839 657 3871 -m.
674 3828 729 3871 Nat.
749 3827 813 3871 itata
830 3826 934 3870 aurisia.
962 3826 1018 3869 Luc.
1043 3826 1165 3881 auripinc.
1193 3826 1259 3870 Puris

199 3908 265 3951 anmi
275 3898 346 3941 rtem
357 3921 382 3929 -
392 3911 416 3941 n.
429 3898 494 3941 Paris
505 3900 540 3942 uo.
549 3899 623 3952 [acto.
635 3922 661 3931 -
669 3912 690 3942 0.
703 3899 768 3942 Paris
779 3903 879 3953 tanqam
892 3899 956 3942 runa
968 3898 1054 3942 scatet.
1068 3922 1094 3930 -
1103 3909 1129 3952 p.
1142 3897 1209 3942 Puris
1220 3912 1264 3943 om.

199 3970 229 4013 εἰ.
241 3992 267 4000 -
277 3981 301 4023 q.
315 3970 365 4012 Alc.
379 3970 418 4014 ¹286
434 3974 557 4014 contacta.
