2934 4822
327 394 357 439 S.
384 392 527 439 ,mronu
553 391 715 439 euoenon
742 399 757 433 u
784 391 1033 438 neurumms»
1147 368 1212 439 209

150 531 321 600 hlinorum
341 530 485 610 ordinis,
503 555 588 621 quos
601 531 722 598 beatus
742 541 839 621 pater
860 531 1063 599 Franciscus
1078 531 1122 600 ad
1137 556 1212 598 con·

148 639 341 706 versionem
365 638 456 704 illius
483 639 597 728 gentis
618 638 870 715 transmiserat,
900 663 962 728 pro
991 638 1057 705 lide
1082 638 1213 706 Christi

148 769 168 812 a
189 745 425 813 crudelissimo
441 745 713 813 hlarocchiorum
734 769 816 836 rege
835 745 1038 831 occisorum,
1051 744 1213 835 reliquias

148 851 327 927 detulisse,
349 863 414 920 etc.

658 1209 713 1308 εἰ

198 1532 227 1596 1.
255 1530 387 1618 ltaque,
417 1527 505 1595 sicut
542 1527 693 1618 elephas.
729 1536 910 1618 prospecto
940 1551 1071 1608 cruore,
1096 1529 1211 1597 mire‘¹

150 1635 326 1702 exacuitur
356 1634 399 1701 ad
425 1633 616 1724 proeliumff,
645 1634 695 1702 sic
718 1633 786 1702 iste
812 1635 865 1701 vir
895 1645 1048 1711 sanctus,
1074 1636 1213 1728 cognita

149 1742 281 1809 illorum
313 1742 456 1808 fratrum
477 1740 650 1832 passione,
673 1740 815 1808 allectus
842 1751 896 1809 est
911 1739 954 1808 ad
975 1741 1213 1810 sustinendum

149 1871 210 1938 pro
238 1847 377 1917 Christo
402 1847 603 1938 martyrium
623 1858 669 1924 et,
692 1872 728 1915 se
757 1847 832 1938 ipso
861 1847 1035 1916 robustior
1058 1849 1211 1929 effectus,

149 1954 299 2044 quolibet
318 1955 465 2021 humano
494 1955 619 2043 rejecto
646 1953 780 2026 timore.
807 1953 923 2022 divina
938 1965 1112 2046 protectus
1132 1980 1214 2048 gra-

149 2061 196 2128 tiu
222 2071 384 2152 tanquam
408 2060 522 2128 valido
543 2061 675 2152 clypeo,
693 2060 855 2151 sperabat
874 2061 908 2127 in
923 2061 1018 2129 brevi
1041 2062 1083 2129 de
1102 2064 1212 2131 crucis

150 2168 280 2236 Christi
309 2167 548 2258 perfidissimis
582 2167 739 2235 hostibus
774 2168 928 2236 bravium
959 2180 1146 2260 reportare.
1177 2174 1209 2239 2.

150 2277 206 2354 Et,
226 2298 329 2365 quum
348 2275 525 2342 anhelaret
552 2274 595 2341 ad
615 2274 855 2365 perficiendum
875 2275 964 2366 quod
983 2276 1039 2366 pio
1055 2277 1213 2345 vertebat

149 2381 183 2447 in
211 2391 360 2470 pectore,
391 2391 469 2448 ante
504 2385 610 2448 Deum
639 2381 693 2449 sui
719 2381 832 2450 cordis
857 2382 1012 2472 pandens
1041 2383 1209 2466 velamen,

150 2487 371 2555 devotissime
415 2487 469 2555 die
511 2499 679 2579 noctuque
723 2498 855 2578 patrem
901 2489 1212 2559 misericordiarum

149 2595 364 2684 precabatur,
385 2605 423 2662 ut
441 2594 490 2661 illi
506 2595 686 2663 clementer
710 2595 879 2686 inspirare
908 2595 1110 2688 dignaretur
1130 2597 1211 2689 quid

149 2724 219 2767 sura
244 2702 416 2792 majestati
447 2727 550 2792 super
570 2703 632 2770 hoc
652 2713 746 2770 esset
764 2701 926 2792 placitum
949 2727 1088 2793 suaeque
1108 2704 1211 2772 saluti

148 2809 261 2901 magis
282 2808 468 2899 proficuum
490 2819 523 2876 et
543 2809 706 2900 proximis
722 2809 844 2877 melius
864 2809 898 2878 in
918 2811 1119 2902 exemplum.

175 3099 197 3130 a.
212 3085 283 3130 Terre
294 3087 369 3131 mort.

181 3332 203 3376 1.
224 3328 260 3378 Le
275 3329 410 3391 fragment
426 3327 457 3387 C,
474 3341 579 3378 comme
594 3327 619 3379 la
634 3327 791 3393 precedent,
803 3341 833 3379 se
846 3331 977 3393 rapporte
992 3342 1027 3378 au
1040 3328 1166 3394 clrapttre
1176 3329 1211 3380 de

151 3409 177 3457 ln
192 3408 308 3471 legendo
316 3408 408 3472 primo
418 3423 427 3456 ;
439 3407 576 3473 Quomodo
591 3408 714 3458 ordinem
728 3407 859 3458 Fratrum
871 3408 1008 3460 Minorem
1020 3408 1146 3469 tutrurr't,
1157 3412 1210 3460 ate.

151 3490 194 3548 (Υ.
211 3501 309 3552 supra:
328 3488 392 3552 reg.
411 3489 512 3552 primu,
530 3489 564 3551 5).
580 3487 617 3538 Le
634 3489 740 3553 coplste
761 3488 891 3553 l'lnrltqua
911 3501 1017 3540 comme
1036 3488 1212 3553 supplement

151 3568 186 3616 du
203 3581 321 3632 passage
334 3583 339 3617 :
355 3567 472 3617 Ilirelrnl
487 3569 515 3617 in
531 3568 612 3617 corde
627 3582 706 3617 sno...
722 3568 777 3618 hare
792 3571 817 3618 ct
830 3568 873 3618 his
889 3568 994 3619 similia
1008 3569 1108 3620 tacitus
1121 3583 1212 3619 secum

150 3649 311 3712 loquetatur
324 3648 366 3709 (V.
383 3661 467 3711 supra
480 3662 485 3696 :
498 3647 560 3711 teg.
569 3650 669 3712 primo,
682 3655 705 3709 5,
716 3658 744 3698 n·
754 3649 788 3712 2),
800 3649 835 3698 oh
848 3648 874 3698 le
888 3649 961 3698 salnt
971 3662 1040 3699 nous
1053 3651 1096 3698 est
1107 3652 1213 3699 mentre

150 3729 305 3791 exprimant
320 3741 370 3777 son
384 3728 458 3777 destr
471 3727 569 3778 ardent
583 3727 619 3777 du
636 3731 762 3791 martyre.

181 3812 203 3855 Ι.
223 3809 301 3856 (lette
317 3809 508 3871 comparaison
530 3807 565 3856 du
586 3810 660 3858 saint
673 3822 740 3858 arce
758 3808 907 3873 l'elephant
920 3812 963 3858 est
982 3807 1044 3868 dela
1060 3807 1129 3858 dans
1143 3809 1213 3859 Jean

153 3887 278 3946 triguum,
302 3902 363 3951 rap.
387 3888 437 3945 ΙΙΙ,
460 3888 506 3952 qul
524 3887 557 3936 l'u
573 3887 715 3938 lui-meme
737 3891 899 3953 empruntee
923 3889 938 3938 rt
965 3889 992 3939 ln
1019 3888 1079 3940 l'r’lo
1103 3895 1214 3941 auclore

149 3981 286 4031 orronymo
303 3969 381 4017 ruhte
394 3968 507 4031 oririque
520 3968 568 4017 des
579 3969 637 4018 Act.
654 3970 701 4019 SS.
716 3969 817 4031 (dullen
831 3969 865 4018 de
877 3970 977 4032 splrc).
992 3983 1052 4032 cap.
1067 3970 1088 4019 Ι.
